,lastPrice,lastPrice
,close,close
datetime,,
2017-10-12 13:35:14.500,3889.0,3564.0
2017-10-12 13:35:15.000,3890.0,3563.0
2017-10-12 13:35:15.500,3888.0,3563.0
2017-10-12 13:35:16.000,3889.0,3564.0
2017-10-12 13:35:16.500,3888.0,3563.0
2017-10-12 13:35:17.000,3890.0,3564.0
2017-10-12 13:35:17.500,3888.0,3564.0
2017-10-12 13:35:18.000,3890.0,3563.0
2017-10-12 13:35:18.500,3890.0,3563.0
2017-10-12 13:35:19.000,3888.0,3564.0
2017-10-12 13:35:19.500,3889.0,3564.0
2017-10-12 13:35:20.000,3889.0,3563.0
2017-10-12 13:35:20.500,3888.0,3564.0
2017-10-12 13:35:21.000,3889.0,3563.0
2017-10-12 13:35:21.500,3889.0,3564.0
2017-10-12 13:35:22.000,3889.0,3564.0
2017-10-12 13:35:22.500,3890.0,3563.0
2017-10-12 13:35:23.500,3888.0,3563.0
2017-10-12 13:35:24.000,3888.0,3564.0
2017-10-12 13:35:24.500,3889.0,3563.0
2017-10-12 13:35:25.000,3889.0,3563.0
2017-10-12 13:35:25.500,3889.0,3563.0
2017-10-12 13:35:26.500,3888.0,3563.0
2017-10-12 13:35:27.000,3888.0,3562.0
2017-10-12 13:35:28.000,3889.0,3563.0
2017-10-12 13:35:28.500,3888.0,3563.0
2017-10-12 13:35:29.000,3889.0,3562.0
2017-10-12 13:35:29.500,3888.0,3563.0
2017-10-12 13:35:30.000,3888.0,3563.0
2017-10-12 13:35:30.500,3889.0,3563.0
2017-10-12 13:35:31.000,3889.0,3563.0
2017-10-12 13:35:31.500,3889.0,3563.0
2017-10-12 13:35:32.000,3888.0,3563.0
2017-10-12 13:35:32.500,3887.0,3562.0
2017-10-12 13:35:33.000,3887.0,3563.0
2017-10-12 13:35:34.000,3887.0,3563.0
2017-10-12 13:35:35.000,3887.0,3564.0
2017-10-12 13:35:35.500,3889.0,3563.0
2017-10-12 13:35:36.000,3889.0,3563.0
2017-10-12 13:35:36.500,3889.0,3563.0
2017-10-12 13:35:37.000,3889.0,3564.0
2017-10-12 13:35:37.500,3889.0,3564.0
2017-10-12 13:35:38.000,3889.0,3563.0
2017-10-12 13:35:38.500,3889.0,3564.0
2017-10-12 13:35:39.000,3890.0,3563.0
2017-10-12 13:35:39.500,3889.0,3563.0
2017-10-12 13:35:40.500,3890.0,3563.0
2017-10-12 13:35:41.000,3890.0,3563.0
2017-10-12 13:35:41.500,3889.0,3563.0
2017-10-12 13:35:42.000,3889.0,3563.0
2017-10-12 13:35:43.000,3889.0,3563.0
2017-10-12 13:35:43.500,3890.0,3563.0
2017-10-12 13:35:44.000,3889.0,3563.0
2017-10-12 13:35:44.500,3889.0,3563.0
2017-10-12 13:35:45.000,3890.0,3563.0
2017-10-12 13:35:46.000,3890.0,3563.0
2017-10-12 13:35:46.500,3890.0,3564.0
2017-10-12 13:35:47.000,3890.0,3564.0
2017-10-12 13:35:47.500,3890.0,3563.0
2017-10-12 13:35:48.000,3890.0,3563.0
2017-10-12 13:35:48.500,3891.0,3563.0
2017-10-12 13:35:49.000,3890.0,3563.0
2017-10-12 13:35:49.500,3890.0,3563.0
2017-10-12 13:35:50.000,3890.0,3564.0
2017-10-12 13:35:50.500,3890.0,3564.0
2017-10-12 13:35:51.000,3889.0,3563.0
2017-10-12 13:35:52.000,3890.0,3564.0
2017-10-12 13:35:52.500,3890.0,3564.0
2017-10-12 13:35:53.000,3890.0,3563.0
2017-10-12 13:35:54.000,3890.0,3564.0
2017-10-12 13:35:55.000,3889.0,3564.0
2017-10-12 13:35:55.500,3889.0,3563.0
2017-10-12 13:35:56.000,3889.0,3563.0
2017-10-12 13:35:56.500,3890.0,3563.0
2017-10-12 13:35:57.000,3890.0,3563.0
2017-10-12 13:35:57.500,3889.0,3563.0
2017-10-12 13:35:58.000,3888.0,3564.0
2017-10-12 13:35:59.000,3889.0,3564.0
2017-10-12 13:36:00.000,3888.0,3562.0
2017-10-12 13:36:01.000,3888.0,3561.0
2017-10-12 13:36:01.500,3888.0,3562.0
2017-10-12 13:36:02.000,3887.0,3562.0
2017-10-12 13:36:02.500,3888.0,3562.0
2017-10-12 13:36:03.000,3886.0,3561.0
2017-10-12 13:36:03.500,3886.0,3561.0
2017-10-12 13:36:04.000,3887.0,3561.0
2017-10-12 13:36:05.000,3888.0,3561.0
2017-10-12 13:36:05.500,3888.0,3561.0
2017-10-12 13:36:06.000,3888.0,3561.0
2017-10-12 13:36:06.500,3888.0,3561.0
2017-10-12 13:36:07.000,3889.0,3561.0
2017-10-12 13:36:07.500,3888.0,3562.0
2017-10-12 13:36:08.000,3888.0,3562.0
2017-10-12 13:36:08.500,3888.0,3562.0
2017-10-12 13:36:09.000,3888.0,3561.0
2017-10-12 13:36:09.500,3888.0,3561.0
2017-10-12 13:36:10.000,3888.0,3562.0
2017-10-12 13:36:10.500,3888.0,3562.0
2017-10-12 13:36:11.000,3888.0,3561.0
2017-10-12 13:36:11.500,3888.0,3562.0
2017-10-12 13:36:12.000,3888.0,3561.0
2017-10-12 13:36:12.500,3888.0,3561.0
2017-10-12 13:36:13.000,3889.0,3561.0
2017-10-12 13:36:13.500,3888.0,3561.0
2017-10-12 13:36:14.000,3888.0,3561.0
2017-10-12 13:36:14.500,3889.0,3562.0
2017-10-12 13:36:15.500,3888.0,3561.0
2017-10-12 13:36:16.000,3887.0,3562.0
2017-10-12 13:36:16.500,3886.0,3562.0
2017-10-12 13:36:17.000,3887.0,3561.0
2017-10-12 13:36:17.500,3887.0,3561.0
2017-10-12 13:36:18.000,3887.0,3561.0
2017-10-12 13:36:18.500,3887.0,3561.0
2017-10-12 13:36:19.500,3887.0,3563.0
2017-10-12 13:36:20.000,3886.0,3562.0
2017-10-12 13:36:20.500,3886.0,3561.0
2017-10-12 13:36:21.000,3886.0,3562.0
2017-10-12 13:36:21.500,3886.0,3562.0
2017-10-12 13:36:22.500,3885.0,3561.0
2017-10-12 13:36:23.000,3886.0,3561.0
2017-10-12 13:36:23.500,3885.0,3561.0
2017-10-12 13:36:24.000,3885.0,3561.0
2017-10-12 13:36:24.500,3884.0,3562.0
2017-10-12 13:36:25.500,3884.0,3561.0
2017-10-12 13:36:26.500,3883.0,3558.0
2017-10-12 13:36:27.500,3883.0,3557.0
2017-10-12 13:36:28.500,3881.0,3557.0
2017-10-12 13:36:29.000,3881.0,3557.0
2017-10-12 13:36:29.500,3881.0,3557.0
2017-10-12 13:36:30.000,3880.0,3557.0
2017-10-12 13:36:30.500,3880.0,3557.0
2017-10-12 13:36:31.000,3877.0,3557.0
2017-10-12 13:36:31.500,3879.0,3557.0
2017-10-12 13:36:32.500,3878.0,3557.0
2017-10-12 13:36:33.000,3879.0,3557.0
2017-10-12 13:36:33.500,3878.0,3556.0
2017-10-12 13:36:34.500,3878.0,3557.0
2017-10-12 13:36:35.000,3880.0,3557.0
2017-10-12 13:36:35.500,3878.0,3558.0
2017-10-12 13:36:36.000,3878.0,3558.0
2017-10-12 13:36:37.000,3880.0,3558.0
2017-10-12 13:36:37.500,3881.0,3558.0
2017-10-12 13:36:38.500,3882.0,3559.0
2017-10-12 13:36:39.000,3881.0,3560.0
2017-10-12 13:36:40.000,3882.0,3559.0
2017-10-12 13:36:40.500,3881.0,3559.0
2017-10-12 13:36:41.500,3880.0,3559.0
2017-10-12 13:36:42.000,3880.0,3559.0
2017-10-12 13:36:42.500,3878.0,3559.0
2017-10-12 13:36:43.000,3880.0,3559.0
2017-10-12 13:36:43.500,3880.0,3560.0
2017-10-12 13:36:44.000,3878.0,3559.0
2017-10-12 13:36:44.500,3879.0,3558.0
2017-10-12 13:36:45.000,3878.0,3559.0
2017-10-12 13:36:45.500,3879.0,3559.0
2017-10-12 13:36:46.000,3879.0,3558.0
2017-10-12 13:36:46.500,3879.0,3558.0
2017-10-12 13:36:47.000,3879.0,3558.0
2017-10-12 13:36:48.000,3875.0,3557.0
2017-10-12 13:36:49.000,3872.0,3558.0
2017-10-12 13:36:50.000,3874.0,3557.0
2017-10-12 13:36:50.500,3874.0,3556.0
2017-10-12 13:36:51.000,3877.0,3556.0
2017-10-12 13:36:51.500,3876.0,3556.0
2017-10-12 13:36:52.000,3872.0,3556.0
2017-10-12 13:36:52.500,3874.0,3556.0
2017-10-12 13:36:53.500,3874.0,3556.0
2017-10-12 13:36:54.000,3873.0,3557.0
2017-10-12 13:36:54.500,3875.0,3557.0
2017-10-12 13:36:55.000,3876.0,3557.0
2017-10-12 13:36:55.500,3874.0,3557.0
2017-10-12 13:36:56.500,3875.0,3557.0
2017-10-12 13:36:57.000,3876.0,3557.0
2017-10-12 13:36:58.000,3874.0,3558.0
2017-10-12 13:36:58.500,3876.0,3557.0
2017-10-12 13:36:59.500,3874.0,3556.0
2017-10-12 13:37:00.000,3874.0,3556.0
2017-10-12 13:37:00.500,3873.0,3555.0
2017-10-12 13:37:01.000,3874.0,3556.0
2017-10-12 13:37:01.500,3875.0,3556.0
2017-10-12 13:37:02.000,3874.0,3556.0
2017-10-12 13:37:02.500,3875.0,3555.0
2017-10-12 13:37:03.000,3875.0,3556.0
2017-10-12 13:37:03.500,3876.0,3556.0
2017-10-12 13:37:04.000,3876.0,3556.0
2017-10-12 13:37:04.500,3876.0,3555.0
2017-10-12 13:37:05.000,3875.0,3555.0
2017-10-12 13:37:05.500,3875.0,3555.0
2017-10-12 13:37:06.000,3875.0,3555.0
2017-10-12 13:37:06.500,3875.0,3554.0
2017-10-12 13:37:07.000,3876.0,3555.0
2017-10-12 13:37:07.500,3875.0,3555.0
2017-10-12 13:37:08.000,3875.0,3554.0
2017-10-12 13:37:08.500,3875.0,3555.0
2017-10-12 13:37:09.000,3874.0,3554.0
2017-10-12 13:37:09.500,3873.0,3553.0
2017-10-12 13:37:10.000,3874.0,3554.0
2017-10-12 13:37:10.500,3875.0,3554.0
2017-10-12 13:37:11.000,3874.0,3555.0
2017-10-12 13:37:11.500,3875.0,3554.0
2017-10-12 13:37:12.000,3875.0,3555.0
2017-10-12 13:37:12.500,3876.0,3555.0
2017-10-12 13:37:13.000,3877.0,3554.0
2017-10-12 13:37:13.500,3875.0,3555.0
2017-10-12 13:37:14.000,3875.0,3555.0
2017-10-12 13:37:15.000,3875.0,3555.0
2017-10-12 13:37:15.500,3876.0,3556.0
2017-10-12 13:37:16.000,3877.0,3556.0
2017-10-12 13:37:16.500,3877.0,3557.0
2017-10-12 13:37:17.000,3877.0,3556.0
2017-10-12 13:37:17.500,3877.0,3557.0
2017-10-12 13:37:18.000,3877.0,3556.0
2017-10-12 13:37:18.500,3877.0,3556.0
2017-10-12 13:37:19.000,3877.0,3557.0
2017-10-12 13:37:20.000,3876.0,3557.0
2017-10-12 13:37:21.000,3877.0,3557.0
2017-10-12 13:37:22.000,3877.0,3556.0
2017-10-12 13:37:22.500,3877.0,3556.0
2017-10-12 13:37:23.000,3876.0,3557.0
2017-10-12 13:37:24.000,3877.0,3557.0
2017-10-12 13:37:24.500,3876.0,3556.0
2017-10-12 13:37:25.000,3877.0,3556.0
2017-10-12 13:37:25.500,3877.0,3556.0
2017-10-12 13:37:26.000,3877.0,3557.0
2017-10-12 13:37:26.500,3876.0,3557.0
2017-10-12 13:37:27.000,3876.0,3557.0
2017-10-12 13:37:27.500,3876.0,3555.0
2017-10-12 13:37:28.000,3876.0,3556.0
2017-10-12 13:37:28.500,3876.0,3557.0
2017-10-12 13:37:29.500,3876.0,3557.0
2017-10-12 13:37:30.000,3876.0,3557.0
2017-10-12 13:37:30.500,3875.0,3557.0
2017-10-12 13:37:31.000,3875.0,3556.0
2017-10-12 13:37:31.500,3876.0,3557.0
2017-10-12 13:37:32.000,3875.0,3556.0
2017-10-12 13:37:32.500,3876.0,3556.0
2017-10-12 13:37:33.000,3875.0,3556.0
2017-10-12 13:37:33.500,3875.0,3555.0
2017-10-12 13:37:34.000,3875.0,3555.0
2017-10-12 13:37:34.500,3876.0,3556.0
2017-10-12 13:37:35.000,3875.0,3555.0
2017-10-12 13:37:35.500,3875.0,3556.0
2017-10-12 13:37:36.000,3875.0,3556.0
2017-10-12 13:37:36.500,3875.0,3556.0
2017-10-12 13:37:37.000,3875.0,3556.0
2017-10-12 13:37:37.500,3875.0,3555.0
2017-10-12 13:37:38.000,3874.0,3556.0
2017-10-12 13:37:38.500,3875.0,3556.0
2017-10-12 13:37:39.000,3874.0,3555.0
2017-10-12 13:37:39.500,3874.0,3555.0
2017-10-12 13:37:40.000,3874.0,3556.0
2017-10-12 13:37:40.500,3875.0,3556.0
2017-10-12 13:37:41.000,3874.0,3555.0
2017-10-12 13:37:41.500,3874.0,3556.0
2017-10-12 13:37:42.000,3875.0,3555.0
2017-10-12 13:37:42.500,3874.0,3555.0
2017-10-12 13:37:43.000,3874.0,3555.0
2017-10-12 13:37:43.500,3874.0,3555.0
2017-10-12 13:37:44.000,3874.0,3555.0
2017-10-12 13:37:44.500,3875.0,3555.0
2017-10-12 13:37:45.000,3875.0,3555.0
2017-10-12 13:37:45.500,3874.0,3555.0
2017-10-12 13:37:46.000,3875.0,3555.0
2017-10-12 13:37:46.500,3875.0,3555.0
2017-10-12 13:37:47.000,3875.0,3555.0
2017-10-12 13:37:47.500,3876.0,3555.0
2017-10-12 13:37:48.000,3875.0,3555.0
2017-10-12 13:37:48.500,3874.0,3555.0
2017-10-12 13:37:49.000,3875.0,3555.0
2017-10-12 13:37:49.500,3875.0,3555.0
2017-10-12 13:37:50.000,3874.0,3554.0
2017-10-12 13:37:50.500,3875.0,3555.0
2017-10-12 13:37:51.000,3875.0,3556.0
2017-10-12 13:37:52.000,3874.0,3555.0
2017-10-12 13:37:53.500,3876.0,3556.0
2017-10-12 13:37:54.000,3874.0,3556.0
2017-10-12 13:37:54.500,3874.0,3556.0
2017-10-12 13:37:55.000,3875.0,3556.0
2017-10-12 13:37:55.500,3875.0,3556.0
2017-10-12 13:37:56.000,3875.0,3555.0
2017-10-12 13:37:56.500,3874.0,3555.0
2017-10-12 13:37:57.000,3875.0,3554.0
2017-10-12 13:37:57.500,3874.0,3555.0
2017-10-12 13:37:58.000,3875.0,3555.0
2017-10-12 13:37:58.500,3874.0,3554.0
2017-10-12 13:37:59.000,3875.0,3555.0
2017-10-12 13:37:59.500,3875.0,3554.0
2017-10-12 13:38:00.000,3874.0,3555.0
2017-10-12 13:38:00.500,3874.0,3555.0
2017-10-12 13:38:01.000,3874.0,3555.0
2017-10-12 13:38:02.000,3874.0,3554.0
2017-10-12 13:38:02.500,3874.0,3554.0
2017-10-12 13:38:03.000,3873.0,3554.0
2017-10-12 13:38:03.500,3874.0,3553.0
2017-10-12 13:38:04.000,3873.0,3552.0
2017-10-12 13:38:04.500,3872.0,3551.0
2017-10-12 13:38:05.500,3873.0,3551.0
2017-10-12 13:38:06.000,3872.0,3551.0
2017-10-12 13:38:06.500,3872.0,3553.0
2017-10-12 13:38:07.500,3872.0,3552.0
2017-10-12 13:38:08.000,3871.0,3553.0
2017-10-12 13:38:08.500,3870.0,3551.0
2017-10-12 13:38:09.500,3871.0,3552.0
2017-10-12 13:38:10.000,3870.0,3552.0
2017-10-12 13:38:11.000,3870.0,3551.0
2017-10-12 13:38:11.500,3870.0,3550.0
2017-10-12 13:38:12.000,3869.0,3552.0
2017-10-12 13:38:12.500,3870.0,3551.0
2017-10-12 13:38:13.000,3870.0,3551.0
2017-10-12 13:38:13.500,3870.0,3551.0
2017-10-12 13:38:14.000,3869.0,3550.0
2017-10-12 13:38:14.500,3869.0,3551.0
2017-10-12 13:38:15.000,3870.0,3552.0
2017-10-12 13:38:16.000,3870.0,3552.0
2017-10-12 13:38:17.000,3870.0,3552.0
2017-10-12 13:38:17.500,3870.0,3552.0
2017-10-12 13:38:18.000,3870.0,3552.0
2017-10-12 13:38:18.500,3870.0,3551.0
2017-10-12 13:38:19.000,3871.0,3551.0
2017-10-12 13:38:19.500,3870.0,3552.0
2017-10-12 13:38:20.000,3870.0,3552.0
2017-10-12 13:38:21.000,3871.0,3551.0
2017-10-12 13:38:21.500,3870.0,3551.0
2017-10-12 13:38:22.000,3870.0,3552.0
2017-10-12 13:38:22.500,3870.0,3551.0
2017-10-12 13:38:23.000,3870.0,3551.0
2017-10-12 13:38:23.500,3870.0,3551.0
2017-10-12 13:38:24.500,3870.0,3551.0
2017-10-12 13:38:25.000,3870.0,3552.0
2017-10-12 13:38:25.500,3870.0,3551.0
2017-10-12 13:38:26.000,3870.0,3553.0
2017-10-12 13:38:26.500,3870.0,3551.0
2017-10-12 13:38:27.000,3870.0,3551.0
2017-10-12 13:38:27.500,3871.0,3552.0
2017-10-12 13:38:28.000,3871.0,3551.0
2017-10-12 13:38:28.500,3870.0,3551.0
2017-10-12 13:38:29.000,3870.0,3552.0
2017-10-12 13:38:29.500,3871.0,3551.0
2017-10-12 13:38:30.000,3871.0,3551.0
2017-10-12 13:38:30.500,3871.0,3551.0
2017-10-12 13:38:31.000,3871.0,3551.0
2017-10-12 13:38:31.500,3870.0,3550.0
2017-10-12 13:38:32.500,3872.0,3551.0
2017-10-12 13:38:33.000,3867.0,3550.0
2017-10-12 13:38:33.500,3867.0,3550.0
2017-10-12 13:38:34.000,3867.0,3550.0
2017-10-12 13:38:34.500,3870.0,3550.0
2017-10-12 13:38:35.000,3868.0,3550.0
2017-10-12 13:38:35.500,3866.0,3548.0
2017-10-12 13:38:36.000,3866.0,3549.0
2017-10-12 13:38:37.000,3862.0,3548.0
2017-10-12 13:38:38.000,3863.0,3548.0
2017-10-12 13:38:38.500,3864.0,3548.0
2017-10-12 13:38:39.000,3862.0,3549.0
2017-10-12 13:38:40.000,3863.0,3549.0
2017-10-12 13:38:41.000,3864.0,3548.0
2017-10-12 13:38:41.500,3865.0,3548.0
2017-10-12 13:38:42.000,3864.0,3548.0
2017-10-12 13:38:42.500,3863.0,3548.0
2017-10-12 13:38:43.000,3865.0,3548.0
2017-10-12 13:38:43.500,3865.0,3548.0
2017-10-12 13:38:44.000,3864.0,3547.0
2017-10-12 13:38:44.500,3863.0,3549.0
2017-10-12 13:38:45.000,3863.0,3548.0
2017-10-12 13:38:45.500,3863.0,3547.0
2017-10-12 13:38:46.000,3865.0,3547.0
2017-10-12 13:38:46.500,3864.0,3548.0
2017-10-12 13:38:47.000,3863.0,3548.0
2017-10-12 13:38:47.500,3864.0,3547.0
2017-10-12 13:38:48.000,3863.0,3546.0
2017-10-12 13:38:48.500,3864.0,3547.0
2017-10-12 13:38:49.500,3863.0,3547.0
2017-10-12 13:38:50.000,3863.0,3547.0
2017-10-12 13:38:50.500,3864.0,3547.0
2017-10-12 13:38:51.000,3864.0,3546.0
2017-10-12 13:38:52.000,3863.0,3543.0
2017-10-12 13:38:52.500,3864.0,3543.0
2017-10-12 13:38:53.000,3864.0,3543.0
2017-10-12 13:38:53.500,3864.0,3544.0
2017-10-12 13:38:54.000,3863.0,3544.0
2017-10-12 13:38:54.500,3863.0,3544.0
2017-10-12 13:38:55.500,3863.0,3544.0
2017-10-12 13:38:56.000,3863.0,3545.0
2017-10-12 13:38:57.000,3863.0,3543.0
2017-10-12 13:38:57.500,3864.0,3542.0
2017-10-12 13:38:58.000,3862.0,3544.0
2017-10-12 13:38:59.000,3863.0,3543.0
2017-10-12 13:38:59.500,3864.0,3544.0
2017-10-12 13:39:00.000,3864.0,3543.0
2017-10-12 13:39:01.000,3864.0,3543.0
2017-10-12 13:39:02.000,3864.0,3541.0
2017-10-12 13:39:03.000,3864.0,3543.0
2017-10-12 13:39:03.500,3864.0,3543.0
2017-10-12 13:39:04.000,3864.0,3542.0
2017-10-12 13:39:05.000,3863.0,3542.0
2017-10-12 13:39:06.000,3863.0,3543.0
2017-10-12 13:39:07.000,3863.0,3543.0
2017-10-12 13:39:07.500,3863.0,3543.0
2017-10-12 13:39:08.500,3863.0,3543.0
2017-10-12 13:39:09.500,3865.0,3544.0
2017-10-12 13:39:10.500,3865.0,3544.0
2017-10-12 13:39:11.000,3865.0,3543.0
2017-10-12 13:39:11.500,3866.0,3545.0
2017-10-12 13:39:12.500,3866.0,3545.0
2017-10-12 13:39:13.000,3867.0,3545.0
2017-10-12 13:39:14.000,3867.0,3545.0
2017-10-12 13:39:14.500,3867.0,3545.0
2017-10-12 13:39:15.500,3866.0,3545.0
2017-10-12 13:39:16.500,3867.0,3545.0
2017-10-12 13:39:17.000,3867.0,3545.0
2017-10-12 13:39:17.500,3867.0,3545.0
2017-10-12 13:39:18.500,3867.0,3545.0
2017-10-12 13:39:19.500,3867.0,3546.0
2017-10-12 13:39:20.000,3868.0,3546.0
2017-10-12 13:39:20.500,3868.0,3545.0
2017-10-12 13:39:21.000,3869.0,3546.0
2017-10-12 13:39:22.000,3868.0,3546.0
2017-10-12 13:39:22.500,3869.0,3545.0
2017-10-12 13:39:23.000,3869.0,3546.0
2017-10-12 13:39:24.000,3869.0,3546.0
2017-10-12 13:39:25.000,3868.0,3545.0
2017-10-12 13:39:25.500,3868.0,3545.0
2017-10-12 13:39:26.000,3868.0,3545.0
2017-10-12 13:39:27.000,3868.0,3544.0
2017-10-12 13:39:27.500,3867.0,3545.0
2017-10-12 13:39:28.000,3868.0,3544.0
2017-10-12 13:39:28.500,3867.0,3544.0
2017-10-12 13:39:29.500,3867.0,3545.0
2017-10-12 13:39:30.000,3867.0,3545.0
2017-10-12 13:39:30.500,3868.0,3543.0
2017-10-12 13:39:31.000,3868.0,3545.0
2017-10-12 13:39:31.500,3866.0,3545.0
2017-10-12 13:39:32.000,3866.0,3544.0
2017-10-12 13:39:32.500,3868.0,3544.0
2017-10-12 13:39:33.000,3868.0,3545.0
2017-10-12 13:39:33.500,3867.0,3545.0
2017-10-12 13:39:34.000,3868.0,3546.0
2017-10-12 13:39:35.000,3868.0,3544.0
2017-10-12 13:39:35.500,3868.0,3546.0
2017-10-12 13:39:36.000,3867.0,3545.0
2017-10-12 13:39:36.500,3867.0,3546.0
2017-10-12 13:39:37.000,3867.0,3545.0
2017-10-12 13:39:37.500,3867.0,3545.0
2017-10-12 13:39:38.000,3867.0,3544.0
2017-10-12 13:39:39.000,3866.0,3544.0
2017-10-12 13:39:39.500,3867.0,3543.0
2017-10-12 13:39:40.000,3866.0,3544.0
2017-10-12 13:39:40.500,3866.0,3544.0
2017-10-12 13:39:41.000,3866.0,3544.0
2017-10-12 13:39:41.500,3866.0,3544.0
2017-10-12 13:39:42.000,3866.0,3544.0
2017-10-12 13:39:42.500,3866.0,3544.0
2017-10-12 13:39:43.500,3866.0,3543.0
2017-10-12 13:39:44.500,3866.0,3544.0
2017-10-12 13:39:45.000,3865.0,3545.0
2017-10-12 13:39:45.500,3865.0,3544.0
2017-10-12 13:39:46.000,3866.0,3544.0
2017-10-12 13:39:46.500,3866.0,3544.0
2017-10-12 13:39:47.000,3866.0,3544.0
2017-10-12 13:39:47.500,3866.0,3544.0
2017-10-12 13:39:48.000,3866.0,3545.0
2017-10-12 13:39:49.000,3866.0,3545.0
2017-10-12 13:39:49.500,3866.0,3545.0
2017-10-12 13:39:50.000,3867.0,3545.0
2017-10-12 13:39:50.500,3867.0,3545.0
2017-10-12 13:39:51.000,3867.0,3544.0
2017-10-12 13:39:51.500,3868.0,3544.0
2017-10-12 13:39:52.000,3868.0,3544.0
2017-10-12 13:39:52.500,3868.0,3545.0
2017-10-12 13:39:53.000,3867.0,3545.0
2017-10-12 13:39:53.500,3867.0,3545.0
2017-10-12 13:39:54.000,3868.0,3545.0
2017-10-12 13:39:54.500,3868.0,3544.0
2017-10-12 13:39:55.500,3868.0,3545.0
2017-10-12 13:39:56.000,3868.0,3545.0
2017-10-12 13:39:56.500,3868.0,3544.0
2017-10-12 13:39:57.500,3868.0,3544.0
2017-10-12 13:39:58.000,3868.0,3544.0
2017-10-12 13:39:58.500,3868.0,3545.0
2017-10-12 13:39:59.000,3868.0,3545.0
2017-10-12 13:39:59.500,3868.0,3545.0
2017-10-12 13:40:00.000,3868.0,3544.0
2017-10-12 13:40:00.500,3867.0,3543.0
2017-10-12 13:40:01.500,3868.0,3543.0
2017-10-12 13:40:02.500,3867.0,3545.0
2017-10-12 13:40:03.500,3867.0,3544.0
2017-10-12 13:40:04.000,3867.0,3544.0
2017-10-12 13:40:04.500,3866.0,3544.0
2017-10-12 13:40:05.000,3866.0,3544.0
2017-10-12 13:40:05.500,3867.0,3544.0
2017-10-12 13:40:06.000,3866.0,3544.0
2017-10-12 13:40:06.500,3866.0,3544.0
2017-10-12 13:40:07.000,3866.0,3545.0
2017-10-12 13:40:07.500,3866.0,3544.0
2017-10-12 13:40:08.000,3866.0,3544.0
2017-10-12 13:40:08.500,3866.0,3544.0
2017-10-12 13:40:09.500,3866.0,3544.0
2017-10-12 13:40:10.000,3866.0,3544.0
2017-10-12 13:40:10.500,3867.0,3544.0
2017-10-12 13:40:11.000,3866.0,3544.0
2017-10-12 13:40:12.000,3866.0,3544.0
2017-10-12 13:40:13.000,3866.0,3545.0
2017-10-12 13:40:14.000,3866.0,3544.0
2017-10-12 13:40:14.500,3866.0,3544.0
2017-10-12 13:40:15.000,3866.0,3544.0
2017-10-12 13:40:16.000,3866.0,3544.0
2017-10-12 13:40:16.500,3866.0,3545.0
2017-10-12 13:40:17.000,3866.0,3545.0
2017-10-12 13:40:18.000,3867.0,3545.0
2017-10-12 13:40:18.500,3866.0,3545.0
2017-10-12 13:40:19.000,3866.0,3545.0
2017-10-12 13:40:19.500,3866.0,3545.0
2017-10-12 13:40:20.000,3866.0,3546.0
2017-10-12 13:40:20.500,3867.0,3545.0
2017-10-12 13:40:21.000,3866.0,3546.0
2017-10-12 13:40:21.500,3867.0,3545.0
2017-10-12 13:40:22.000,3868.0,3544.0
2017-10-12 13:40:22.500,3868.0,3545.0
2017-10-12 13:40:23.000,3868.0,3545.0
2017-10-12 13:40:23.500,3868.0,3546.0
2017-10-12 13:40:24.000,3868.0,3545.0
2017-10-12 13:40:25.000,3867.0,3546.0
2017-10-12 13:40:26.000,3868.0,3545.0
2017-10-12 13:40:27.000,3868.0,3546.0
2017-10-12 13:40:27.500,3868.0,3546.0
2017-10-12 13:40:28.500,3868.0,3546.0
2017-10-12 13:40:29.000,3869.0,3547.0
2017-10-12 13:40:30.500,3870.0,3545.0
2017-10-12 13:40:31.000,3868.0,3547.0
2017-10-12 13:40:32.000,3869.0,3547.0
2017-10-12 13:40:32.500,3869.0,3547.0
2017-10-12 13:40:33.000,3869.0,3547.0
2017-10-12 13:40:33.500,3869.0,3547.0
2017-10-12 13:40:34.500,3869.0,3546.0
2017-10-12 13:40:35.000,3870.0,3547.0
2017-10-12 13:40:35.500,3868.0,3547.0
2017-10-12 13:40:36.000,3869.0,3547.0
2017-10-12 13:40:37.000,3870.0,3546.0
2017-10-12 13:40:38.000,3870.0,3547.0
2017-10-12 13:40:38.500,3869.0,3547.0
2017-10-12 13:40:39.000,3869.0,3546.0
2017-10-12 13:40:39.500,3870.0,3546.0
2017-10-12 13:40:40.000,3870.0,3546.0
2017-10-12 13:40:41.000,3869.0,3546.0
2017-10-12 13:40:41.500,3870.0,3546.0
2017-10-12 13:40:42.000,3870.0,3547.0
2017-10-12 13:40:42.500,3870.0,3546.0
2017-10-12 13:40:43.500,3870.0,3546.0
2017-10-12 13:40:44.000,3870.0,3546.0
2017-10-12 13:40:44.500,3870.0,3546.0
2017-10-12 13:40:45.000,3870.0,3545.0
2017-10-12 13:40:45.500,3870.0,3546.0
2017-10-12 13:40:46.500,3871.0,3546.0
2017-10-12 13:40:47.000,3871.0,3546.0
2017-10-12 13:40:47.500,3870.0,3547.0
2017-10-12 13:40:48.000,3870.0,3546.0
2017-10-12 13:40:49.000,3870.0,3546.0
2017-10-12 13:40:49.500,3871.0,3546.0
2017-10-12 13:40:50.500,3871.0,3547.0
2017-10-12 13:40:51.000,3871.0,3547.0
2017-10-12 13:40:51.500,3871.0,3547.0
2017-10-12 13:40:52.500,3872.0,3547.0
2017-10-12 13:40:53.000,3871.0,3546.0
2017-10-12 13:40:53.500,3871.0,3547.0
2017-10-12 13:40:54.000,3871.0,3546.0
2017-10-12 13:40:54.500,3872.0,3546.0
2017-10-12 13:40:55.000,3872.0,3546.0
2017-10-12 13:40:56.000,3871.0,3546.0
2017-10-12 13:40:56.500,3871.0,3547.0
2017-10-12 13:40:57.000,3871.0,3546.0
2017-10-12 13:40:57.500,3870.0,3547.0
2017-10-12 13:40:58.000,3870.0,3546.0
2017-10-12 13:40:58.500,3871.0,3547.0
2017-10-12 13:40:59.500,3870.0,3546.0
2017-10-12 13:41:00.000,3870.0,3547.0
2017-10-12 13:41:01.000,3870.0,3546.0
2017-10-12 13:41:01.500,3869.0,3546.0
2017-10-12 13:41:02.000,3870.0,3546.0
2017-10-12 13:41:02.500,3869.0,3546.0
2017-10-12 13:41:03.000,3869.0,3545.0
2017-10-12 13:41:03.500,3870.0,3546.0
2017-10-12 13:41:04.000,3870.0,3545.0
2017-10-12 13:41:04.500,3870.0,3546.0
2017-10-12 13:41:05.000,3869.0,3545.0
2017-10-12 13:41:06.000,3870.0,3545.0
2017-10-12 13:41:06.500,3868.0,3544.0
2017-10-12 13:41:07.000,3867.0,3544.0
2017-10-12 13:41:07.500,3868.0,3544.0
2017-10-12 13:41:08.000,3867.0,3543.0
2017-10-12 13:41:08.500,3866.0,3543.0
2017-10-12 13:41:09.500,3867.0,3542.0
2017-10-12 13:41:10.000,3866.0,3543.0
2017-10-12 13:41:10.500,3866.0,3542.0
2017-10-12 13:41:11.000,3866.0,3543.0
2017-10-12 13:41:12.000,3865.0,3542.0
2017-10-12 13:41:12.500,3866.0,3542.0
2017-10-12 13:41:13.000,3865.0,3543.0
2017-10-12 13:41:13.500,3865.0,3543.0
2017-10-12 13:41:14.000,3866.0,3542.0
2017-10-12 13:41:14.500,3866.0,3541.0
2017-10-12 13:41:15.000,3865.0,3541.0
2017-10-12 13:41:15.500,3866.0,3542.0
2017-10-12 13:41:16.000,3866.0,3542.0
2017-10-12 13:41:17.000,3865.0,3543.0
2017-10-12 13:41:18.000,3865.0,3541.0
2017-10-12 13:41:18.500,3865.0,3542.0
2017-10-12 13:41:19.000,3866.0,3543.0
2017-10-12 13:41:19.500,3865.0,3542.0
2017-10-12 13:41:20.000,3866.0,3542.0
2017-10-12 13:41:20.500,3864.0,3541.0
2017-10-12 13:41:21.000,3865.0,3542.0
2017-10-12 13:41:22.000,3865.0,3541.0
2017-10-12 13:41:22.500,3865.0,3541.0
2017-10-12 13:41:23.000,3864.0,3541.0
2017-10-12 13:41:23.500,3865.0,3541.0
2017-10-12 13:41:24.000,3865.0,3541.0
2017-10-12 13:41:24.500,3863.0,3541.0
2017-10-12 13:41:25.500,3863.0,3542.0
2017-10-12 13:41:26.000,3863.0,3541.0
2017-10-12 13:41:26.500,3863.0,3541.0
2017-10-12 13:41:27.000,3865.0,3541.0
2017-10-12 13:41:27.500,3864.0,3541.0
2017-10-12 13:41:28.000,3864.0,3541.0
2017-10-12 13:41:28.500,3864.0,3540.0
2017-10-12 13:41:29.500,3863.0,3540.0
2017-10-12 13:41:30.000,3863.0,3540.0
2017-10-12 13:41:30.500,3863.0,3540.0
2017-10-12 13:41:31.000,3863.0,3541.0
2017-10-12 13:41:31.500,3863.0,3540.0
2017-10-12 13:41:32.500,3863.0,3540.0
2017-10-12 13:41:33.000,3862.0,3540.0
2017-10-12 13:41:33.500,3862.0,3540.0
2017-10-12 13:41:34.000,3861.0,3540.0
2017-10-12 13:41:34.500,3862.0,3539.0
2017-10-12 13:41:35.000,3861.0,3540.0
2017-10-12 13:41:35.500,3861.0,3539.0
2017-10-12 13:41:36.000,3860.0,3539.0
2017-10-12 13:41:37.000,3861.0,3538.0
2017-10-12 13:41:37.500,3860.0,3539.0
2017-10-12 13:41:38.000,3860.0,3539.0
2017-10-12 13:41:38.500,3860.0,3539.0
2017-10-12 13:41:39.000,3860.0,3538.0
2017-10-12 13:41:39.500,3860.0,3538.0
2017-10-12 13:41:40.000,3861.0,3539.0
2017-10-12 13:41:40.500,3860.0,3540.0
2017-10-12 13:41:41.000,3860.0,3539.0
2017-10-12 13:41:41.500,3860.0,3540.0
2017-10-12 13:41:42.500,3860.0,3540.0
2017-10-12 13:41:43.000,3860.0,3539.0
2017-10-12 13:41:44.000,3859.0,3540.0
2017-10-12 13:41:44.500,3858.0,3540.0
2017-10-12 13:41:45.000,3859.0,3540.0
2017-10-12 13:41:45.500,3856.0,3540.0
2017-10-12 13:41:46.500,3858.0,3539.0
2017-10-12 13:41:47.000,3858.0,3539.0
2017-10-12 13:41:47.500,3858.0,3539.0
2017-10-12 13:41:48.000,3859.0,3538.0
2017-10-12 13:41:48.500,3859.0,3538.0
2017-10-12 13:41:49.000,3858.0,3538.0
2017-10-12 13:41:49.500,3858.0,3537.0
2017-10-12 13:41:50.000,3858.0,3538.0
2017-10-12 13:41:51.000,3858.0,3537.0
2017-10-12 13:41:51.500,3858.0,3538.0
2017-10-12 13:41:52.000,3858.0,3538.0
2017-10-12 13:41:53.000,3858.0,3538.0
2017-10-12 13:41:53.500,3857.0,3537.0
2017-10-12 13:41:54.000,3857.0,3538.0
2017-10-12 13:41:54.500,3857.0,3537.0
2017-10-12 13:41:55.000,3857.0,3537.0
2017-10-12 13:41:55.500,3857.0,3538.0
2017-10-12 13:41:56.500,3857.0,3538.0
2017-10-12 13:41:57.000,3858.0,3538.0
2017-10-12 13:41:57.500,3857.0,3538.0
2017-10-12 13:41:58.000,3857.0,3538.0
2017-10-12 13:41:58.500,3857.0,3538.0
2017-10-12 13:41:59.000,3857.0,3538.0
2017-10-12 13:41:59.500,3857.0,3537.0
2017-10-12 13:42:00.000,3856.0,3538.0
2017-10-12 13:42:00.500,3856.0,3537.0
2017-10-12 13:42:01.500,3857.0,3538.0
2017-10-12 13:42:02.500,3857.0,3537.0
2017-10-12 13:42:03.000,3856.0,3538.0
2017-10-12 13:42:04.000,3856.0,3538.0
2017-10-12 13:42:04.500,3856.0,3538.0
2017-10-12 13:42:05.000,3857.0,3538.0
2017-10-12 13:42:06.000,3857.0,3537.0
2017-10-12 13:42:06.500,3857.0,3537.0
2017-10-12 13:42:07.000,3856.0,3537.0
2017-10-12 13:42:07.500,3857.0,3537.0
2017-10-12 13:42:08.000,3857.0,3536.0
2017-10-12 13:42:08.500,3856.0,3537.0
2017-10-12 13:42:09.000,3857.0,3537.0
2017-10-12 13:42:09.500,3857.0,3537.0
2017-10-12 13:42:10.000,3857.0,3537.0
2017-10-12 13:42:10.500,3857.0,3537.0
2017-10-12 13:42:11.000,3857.0,3537.0
2017-10-12 13:42:11.500,3857.0,3537.0
2017-10-12 13:42:12.000,3856.0,3537.0
2017-10-12 13:42:12.500,3857.0,3538.0
2017-10-12 13:42:13.000,3856.0,3537.0
2017-10-12 13:42:13.500,3857.0,3538.0
2017-10-12 13:42:14.000,3856.0,3538.0
2017-10-12 13:42:14.500,3857.0,3538.0
2017-10-12 13:42:15.500,3857.0,3538.0
2017-10-12 13:42:16.000,3857.0,3538.0
2017-10-12 13:42:16.500,3857.0,3538.0
2017-10-12 13:42:17.000,3857.0,3538.0
2017-10-12 13:42:17.500,3858.0,3539.0
2017-10-12 13:42:18.000,3858.0,3539.0
2017-10-12 13:42:18.500,3857.0,3537.0
2017-10-12 13:42:19.500,3857.0,3539.0
2017-10-12 13:42:20.000,3858.0,3538.0
2017-10-12 13:42:21.000,3858.0,3538.0
2017-10-12 13:42:21.500,3857.0,3539.0
2017-10-12 13:42:22.000,3857.0,3539.0
2017-10-12 13:42:22.500,3857.0,3538.0
2017-10-12 13:42:23.000,3856.0,3537.0
2017-10-12 13:42:23.500,3857.0,3538.0
2017-10-12 13:42:24.000,3857.0,3538.0
2017-10-12 13:42:24.500,3857.0,3539.0
2017-10-12 13:42:25.000,3857.0,3537.0
2017-10-12 13:42:25.500,3857.0,3539.0
2017-10-12 13:42:26.000,3856.0,3538.0
2017-10-12 13:42:26.500,3857.0,3538.0
2017-10-12 13:42:27.000,3857.0,3538.0
2017-10-12 13:42:27.500,3857.0,3538.0
2017-10-12 13:42:28.000,3856.0,3538.0
2017-10-12 13:42:28.500,3857.0,3538.0
2017-10-12 13:42:29.000,3857.0,3538.0
2017-10-12 13:42:29.500,3856.0,3538.0
2017-10-12 13:42:30.000,3857.0,3538.0
2017-10-12 13:42:30.500,3857.0,3539.0
2017-10-12 13:42:31.000,3858.0,3538.0
2017-10-12 13:42:31.500,3857.0,3539.0
2017-10-12 13:42:32.000,3857.0,3539.0
2017-10-12 13:42:32.500,3858.0,3538.0
2017-10-12 13:42:33.500,3858.0,3540.0
2017-10-12 13:42:34.000,3857.0,3540.0
2017-10-12 13:42:35.000,3858.0,3540.0
2017-10-12 13:42:35.500,3857.0,3540.0
2017-10-12 13:42:36.000,3857.0,3540.0
2017-10-12 13:42:36.500,3858.0,3540.0
2017-10-12 13:42:37.000,3858.0,3540.0
2017-10-12 13:42:37.500,3858.0,3540.0
2017-10-12 13:42:38.000,3857.0,3540.0
2017-10-12 13:42:39.000,3858.0,3540.0
2017-10-12 13:42:39.500,3858.0,3540.0
2017-10-12 13:42:40.500,3858.0,3540.0
2017-10-12 13:42:41.000,3858.0,3538.0
2017-10-12 13:42:41.500,3858.0,3540.0
2017-10-12 13:42:42.500,3857.0,3540.0
2017-10-12 13:42:43.000,3858.0,3539.0
2017-10-12 13:42:43.500,3857.0,3539.0
2017-10-12 13:42:44.000,3858.0,3540.0
2017-10-12 13:42:45.000,3858.0,3540.0
2017-10-12 13:42:45.500,3858.0,3539.0
2017-10-12 13:42:46.000,3859.0,3539.0
2017-10-12 13:42:46.500,3859.0,3540.0
2017-10-12 13:42:47.000,3857.0,3540.0
2017-10-12 13:42:47.500,3859.0,3540.0
2017-10-12 13:42:48.000,3859.0,3540.0
2017-10-12 13:42:48.500,3859.0,3540.0
2017-10-12 13:42:49.500,3859.0,3540.0
2017-10-12 13:42:50.000,3859.0,3540.0
2017-10-12 13:42:50.500,3860.0,3539.0
2017-10-12 13:42:51.000,3860.0,3540.0
2017-10-12 13:42:51.500,3860.0,3540.0
2017-10-12 13:42:52.500,3859.0,3540.0
2017-10-12 13:42:53.500,3860.0,3540.0
2017-10-12 13:42:54.000,3860.0,3540.0
2017-10-12 13:42:55.000,3859.0,3539.0
2017-10-12 13:42:55.500,3860.0,3539.0
2017-10-12 13:42:56.000,3860.0,3540.0
2017-10-12 13:42:56.500,3860.0,3540.0
2017-10-12 13:42:57.000,3860.0,3540.0
2017-10-12 13:42:57.500,3860.0,3540.0
2017-10-12 13:42:58.000,3860.0,3540.0
2017-10-12 13:42:59.000,3860.0,3540.0
2017-10-12 13:42:59.500,3860.0,3540.0
2017-10-12 13:43:00.000,3860.0,3539.0
2017-10-12 13:43:01.000,3860.0,3540.0
2017-10-12 13:43:02.000,3860.0,3540.0
2017-10-12 13:43:03.000,3860.0,3540.0
2017-10-12 13:43:03.500,3860.0,3539.0
2017-10-12 13:43:04.000,3860.0,3540.0
2017-10-12 13:43:05.000,3860.0,3540.0
2017-10-12 13:43:05.500,3860.0,3540.0
2017-10-12 13:43:06.000,3861.0,3540.0
2017-10-12 13:43:06.500,3861.0,3540.0
2017-10-12 13:43:07.000,3861.0,3540.0
2017-10-12 13:43:08.000,3860.0,3540.0
2017-10-12 13:43:08.500,3861.0,3539.0
2017-10-12 13:43:09.000,3861.0,3540.0
2017-10-12 13:43:09.500,3861.0,3540.0
2017-10-12 13:43:10.000,3861.0,3540.0
2017-10-12 13:43:10.500,3861.0,3541.0
2017-10-12 13:43:11.000,3862.0,3540.0
2017-10-12 13:43:11.500,3861.0,3541.0
2017-10-12 13:43:12.000,3861.0,3540.0
2017-10-12 13:43:12.500,3861.0,3541.0
2017-10-12 13:43:13.000,3861.0,3540.0
2017-10-12 13:43:13.500,3861.0,3541.0
2017-10-12 13:43:14.000,3862.0,3540.0
2017-10-12 13:43:14.500,3861.0,3540.0
2017-10-12 13:43:15.000,3862.0,3540.0
2017-10-12 13:43:15.500,3862.0,3540.0
2017-10-12 13:43:16.000,3862.0,3540.0
2017-10-12 13:43:17.000,3862.0,3540.0
2017-10-12 13:43:17.500,3861.0,3540.0
2017-10-12 13:43:18.000,3862.0,3542.0
2017-10-12 13:43:18.500,3861.0,3541.0
2017-10-12 13:43:19.500,3862.0,3542.0
2017-10-12 13:43:20.000,3862.0,3542.0
2017-10-12 13:43:20.500,3861.0,3542.0
2017-10-12 13:43:21.000,3862.0,3542.0
2017-10-12 13:43:21.500,3862.0,3542.0
2017-10-12 13:43:22.000,3862.0,3542.0
2017-10-12 13:43:22.500,3862.0,3542.0
2017-10-12 13:43:23.000,3862.0,3542.0
2017-10-12 13:43:23.500,3861.0,3543.0
2017-10-12 13:43:24.000,3862.0,3541.0
2017-10-12 13:43:24.500,3862.0,3542.0
2017-10-12 13:43:25.000,3862.0,3542.0
2017-10-12 13:43:25.500,3862.0,3542.0
2017-10-12 13:43:26.000,3861.0,3543.0
2017-10-12 13:43:26.500,3862.0,3543.0
2017-10-12 13:43:27.000,3862.0,3542.0
2017-10-12 13:43:27.500,3862.0,3542.0
2017-10-12 13:43:28.000,3862.0,3542.0
2017-10-12 13:43:28.500,3861.0,3541.0
2017-10-12 13:43:29.500,3862.0,3542.0
2017-10-12 13:43:30.000,3862.0,3542.0
2017-10-12 13:43:30.500,3862.0,3542.0
2017-10-12 13:43:31.000,3862.0,3542.0
2017-10-12 13:43:31.500,3862.0,3542.0
2017-10-12 13:43:32.500,3862.0,3543.0
2017-10-12 13:43:33.500,3862.0,3543.0
2017-10-12 13:43:34.000,3862.0,3543.0
2017-10-12 13:43:34.500,3862.0,3542.0
2017-10-12 13:43:35.000,3862.0,3542.0
2017-10-12 13:43:36.000,3862.0,3542.0
2017-10-12 13:43:36.500,3862.0,3542.0
2017-10-12 13:43:37.000,3862.0,3542.0
2017-10-12 13:43:37.500,3861.0,3542.0
2017-10-12 13:43:38.000,3862.0,3542.0
2017-10-12 13:43:38.500,3862.0,3543.0
2017-10-12 13:43:39.500,3862.0,3543.0
2017-10-12 13:43:40.000,3862.0,3543.0
2017-10-12 13:43:40.500,3862.0,3543.0
2017-10-12 13:43:41.000,3861.0,3543.0
2017-10-12 13:43:41.500,3862.0,3543.0
2017-10-12 13:43:42.000,3862.0,3543.0
2017-10-12 13:43:42.500,3862.0,3543.0
2017-10-12 13:43:43.500,3862.0,3544.0
2017-10-12 13:43:44.000,3862.0,3543.0
2017-10-12 13:43:44.500,3862.0,3544.0
2017-10-12 13:43:45.000,3862.0,3543.0
2017-10-12 13:43:45.500,3861.0,3543.0
2017-10-12 13:43:47.000,3862.0,3543.0
2017-10-12 13:43:48.000,3861.0,3543.0
2017-10-12 13:43:49.000,3862.0,3542.0
2017-10-12 13:43:50.000,3862.0,3542.0
2017-10-12 13:43:50.500,3861.0,3542.0
2017-10-12 13:43:51.500,3863.0,3542.0
2017-10-12 13:43:52.500,3861.0,3542.0
2017-10-12 13:43:53.000,3862.0,3542.0
2017-10-12 13:43:53.500,3862.0,3540.0
2017-10-12 13:43:54.000,3862.0,3540.0
2017-10-12 13:43:54.500,3862.0,3540.0
2017-10-12 13:43:55.000,3862.0,3542.0
2017-10-12 13:43:56.000,3862.0,3540.0
2017-10-12 13:43:57.000,3862.0,3542.0
2017-10-12 13:43:57.500,3861.0,3541.0
2017-10-12 13:43:58.000,3861.0,3541.0
2017-10-12 13:43:58.500,3861.0,3540.0
2017-10-12 13:43:59.000,3861.0,3541.0
2017-10-12 13:43:59.500,3860.0,3540.0
2017-10-12 13:44:00.000,3861.0,3541.0
2017-10-12 13:44:01.000,3861.0,3540.0
2017-10-12 13:44:01.500,3860.0,3540.0
2017-10-12 13:44:02.000,3860.0,3539.0
2017-10-12 13:44:02.500,3860.0,3539.0
2017-10-12 13:44:03.000,3858.0,3539.0
2017-10-12 13:44:03.500,3859.0,3539.0
2017-10-12 13:44:04.500,3858.0,3539.0
2017-10-12 13:44:05.000,3858.0,3538.0
2017-10-12 13:44:06.000,3858.0,3539.0
2017-10-12 13:44:07.000,3859.0,3539.0
2017-10-12 13:44:08.000,3858.0,3540.0
2017-10-12 13:44:08.500,3858.0,3540.0
2017-10-12 13:44:09.000,3858.0,3539.0
2017-10-12 13:44:09.500,3858.0,3540.0
2017-10-12 13:44:10.000,3859.0,3540.0
2017-10-12 13:44:10.500,3859.0,3540.0
2017-10-12 13:44:11.000,3859.0,3540.0
2017-10-12 13:44:11.500,3859.0,3539.0
2017-10-12 13:44:12.000,3859.0,3539.0
2017-10-12 13:44:12.500,3859.0,3540.0
2017-10-12 13:44:13.000,3858.0,3540.0
2017-10-12 13:44:13.500,3859.0,3540.0
2017-10-12 13:44:14.000,3859.0,3539.0
2017-10-12 13:44:15.000,3859.0,3540.0
2017-10-12 13:44:16.000,3859.0,3540.0
2017-10-12 13:44:16.500,3859.0,3540.0
2017-10-12 13:44:17.000,3859.0,3540.0
2017-10-12 13:44:17.500,3859.0,3540.0
2017-10-12 13:44:18.000,3859.0,3540.0
2017-10-12 13:44:18.500,3859.0,3540.0
2017-10-12 13:44:19.000,3859.0,3539.0
2017-10-12 13:44:20.000,3859.0,3540.0
2017-10-12 13:44:20.500,3859.0,3539.0
2017-10-12 13:44:21.000,3859.0,3540.0
2017-10-12 13:44:21.500,3859.0,3539.0
2017-10-12 13:44:22.000,3859.0,3540.0
2017-10-12 13:44:22.500,3859.0,3540.0
2017-10-12 13:44:23.000,3859.0,3540.0
2017-10-12 13:44:23.500,3859.0,3540.0
2017-10-12 13:44:24.000,3859.0,3539.0
2017-10-12 13:44:24.500,3858.0,3540.0
2017-10-12 13:44:25.000,3858.0,3540.0
2017-10-12 13:44:26.000,3858.0,3540.0
2017-10-12 13:44:26.500,3858.0,3540.0
2017-10-12 13:44:27.000,3858.0,3540.0
2017-10-12 13:44:27.500,3858.0,3539.0
2017-10-12 13:44:28.500,3858.0,3540.0
2017-10-12 13:44:29.000,3858.0,3540.0
2017-10-12 13:44:29.500,3858.0,3540.0
2017-10-12 13:44:30.000,3858.0,3540.0
2017-10-12 13:44:30.500,3859.0,3540.0
2017-10-12 13:44:31.000,3859.0,3539.0
2017-10-12 13:44:32.000,3859.0,3538.0
2017-10-12 13:44:32.500,3859.0,3540.0
2017-10-12 13:44:33.000,3859.0,3539.0
2017-10-12 13:44:33.500,3859.0,3538.0
2017-10-12 13:44:34.000,3858.0,3540.0
2017-10-12 13:44:34.500,3859.0,3539.0
2017-10-12 13:44:35.000,3859.0,3539.0
2017-10-12 13:44:35.500,3858.0,3539.0
2017-10-12 13:44:36.000,3858.0,3539.0
2017-10-12 13:44:36.500,3857.0,3539.0
2017-10-12 13:44:37.000,3858.0,3539.0
2017-10-12 13:44:38.000,3858.0,3539.0
2017-10-12 13:44:38.500,3857.0,3539.0
2017-10-12 13:44:39.000,3857.0,3540.0
2017-10-12 13:44:39.500,3858.0,3539.0
2017-10-12 13:44:40.500,3858.0,3539.0
2017-10-12 13:44:41.000,3858.0,3539.0
2017-10-12 13:44:42.000,3858.0,3539.0
2017-10-12 13:44:42.500,3859.0,3539.0
2017-10-12 13:44:44.000,3858.0,3539.0
2017-10-12 13:44:44.500,3858.0,3539.0
2017-10-12 13:44:45.000,3858.0,3540.0
2017-10-12 13:44:45.500,3859.0,3539.0
2017-10-12 13:44:46.000,3859.0,3539.0
2017-10-12 13:44:47.000,3859.0,3540.0
2017-10-12 13:44:48.000,3859.0,3539.0
2017-10-12 13:44:48.500,3859.0,3540.0
2017-10-12 13:44:49.000,3859.0,3539.0
2017-10-12 13:44:49.500,3859.0,3540.0
2017-10-12 13:44:50.000,3860.0,3539.0
2017-10-12 13:44:50.500,3859.0,3540.0
2017-10-12 13:44:51.000,3859.0,3538.0
2017-10-12 13:44:51.500,3859.0,3539.0
2017-10-12 13:44:52.000,3859.0,3538.0
2017-10-12 13:44:52.500,3859.0,3537.0
2017-10-12 13:44:53.000,3859.0,3537.0
2017-10-12 13:44:53.500,3859.0,3538.0
2017-10-12 13:44:54.000,3859.0,3538.0
2017-10-12 13:44:55.000,3859.0,3538.0
2017-10-12 13:44:55.500,3859.0,3538.0
2017-10-12 13:44:56.000,3859.0,3538.0
2017-10-12 13:44:56.500,3859.0,3537.0
2017-10-12 13:44:57.000,3859.0,3537.0
2017-10-12 13:44:58.000,3859.0,3538.0
2017-10-12 13:44:58.500,3859.0,3538.0
2017-10-12 13:44:59.000,3859.0,3538.0
2017-10-12 13:44:59.500,3859.0,3537.0
2017-10-12 13:45:00.000,3859.0,3538.0
2017-10-12 13:45:01.000,3858.0,3537.0
2017-10-12 13:45:01.500,3859.0,3537.0
2017-10-12 13:45:02.000,3859.0,3537.0
2017-10-12 13:45:02.500,3859.0,3537.0
2017-10-12 13:45:03.000,3859.0,3537.0
2017-10-12 13:45:03.500,3858.0,3537.0
2017-10-12 13:45:04.000,3859.0,3537.0
2017-10-12 13:45:04.500,3858.0,3537.0
2017-10-12 13:45:05.000,3858.0,3538.0
2017-10-12 13:45:05.500,3859.0,3539.0
2017-10-12 13:45:06.000,3859.0,3539.0
2017-10-12 13:45:06.500,3860.0,3540.0
2017-10-12 13:45:07.000,3860.0,3540.0
2017-10-12 13:45:07.500,3860.0,3540.0
2017-10-12 13:45:08.000,3862.0,3540.0
2017-10-12 13:45:08.500,3861.0,3540.0
2017-10-12 13:45:09.000,3862.0,3539.0
2017-10-12 13:45:09.500,3862.0,3540.0
2017-10-12 13:45:10.000,3862.0,3540.0
2017-10-12 13:45:10.500,3862.0,3540.0
2017-10-12 13:45:11.500,3861.0,3539.0
2017-10-12 13:45:12.000,3862.0,3540.0
2017-10-12 13:45:13.000,3861.0,3540.0
2017-10-12 13:45:13.500,3863.0,3540.0
2017-10-12 13:45:14.000,3863.0,3540.0
2017-10-12 13:45:14.500,3863.0,3541.0
2017-10-12 13:45:15.000,3863.0,3540.0
2017-10-12 13:45:15.500,3863.0,3541.0
2017-10-12 13:45:16.000,3863.0,3541.0
2017-10-12 13:45:17.000,3864.0,3541.0
2017-10-12 13:45:18.000,3863.0,3541.0
2017-10-12 13:45:18.500,3864.0,3541.0
2017-10-12 13:45:19.000,3864.0,3542.0
2017-10-12 13:45:19.500,3864.0,3542.0
2017-10-12 13:45:20.000,3864.0,3542.0
2017-10-12 13:45:20.500,3864.0,3541.0
2017-10-12 13:45:21.000,3865.0,3542.0
2017-10-12 13:45:21.500,3865.0,3542.0
2017-10-12 13:45:22.000,3865.0,3542.0
2017-10-12 13:45:22.500,3865.0,3543.0
2017-10-12 13:45:23.000,3865.0,3544.0
2017-10-12 13:45:23.500,3866.0,3544.0
2017-10-12 13:45:24.500,3866.0,3544.0
2017-10-12 13:45:25.000,3866.0,3543.0
2017-10-12 13:45:25.500,3866.0,3543.0
2017-10-12 13:45:26.500,3866.0,3543.0
2017-10-12 13:45:27.000,3867.0,3543.0
2017-10-12 13:45:27.500,3866.0,3543.0
2017-10-12 13:45:28.000,3865.0,3543.0
2017-10-12 13:45:29.000,3866.0,3543.0
2017-10-12 13:45:29.500,3866.0,3543.0
2017-10-12 13:45:30.000,3866.0,3542.0
2017-10-12 13:45:30.500,3865.0,3542.0
2017-10-12 13:45:31.000,3866.0,3542.0
2017-10-12 13:45:32.000,3864.0,3542.0
2017-10-12 13:45:32.500,3866.0,3542.0
2017-10-12 13:45:33.000,3866.0,3542.0
2017-10-12 13:45:33.500,3866.0,3542.0
2017-10-12 13:45:34.000,3866.0,3542.0
2017-10-12 13:45:35.000,3866.0,3542.0
2017-10-12 13:45:36.000,3866.0,3542.0
2017-10-12 13:45:36.500,3867.0,3543.0
2017-10-12 13:45:37.000,3866.0,3542.0
2017-10-12 13:45:37.500,3866.0,3542.0
2017-10-12 13:45:38.000,3867.0,3542.0
2017-10-12 13:45:38.500,3866.0,3542.0
2017-10-12 13:45:39.500,3867.0,3544.0
2017-10-12 13:45:40.000,3868.0,3544.0
2017-10-12 13:45:41.000,3867.0,3543.0
2017-10-12 13:45:41.500,3867.0,3544.0
2017-10-12 13:45:42.000,3868.0,3544.0
2017-10-12 13:45:42.500,3868.0,3543.0
2017-10-12 13:45:43.000,3869.0,3544.0
2017-10-12 13:45:43.500,3868.0,3544.0
2017-10-12 13:45:44.000,3868.0,3543.0
2017-10-12 13:45:44.500,3868.0,3543.0
2017-10-12 13:45:45.500,3868.0,3543.0
2017-10-12 13:45:46.000,3867.0,3543.0
2017-10-12 13:45:46.500,3868.0,3542.0
2017-10-12 13:45:47.500,3866.0,3543.0
2017-10-12 13:45:48.000,3868.0,3544.0
2017-10-12 13:45:48.500,3868.0,3543.0
2017-10-12 13:45:49.500,3867.0,3544.0
2017-10-12 13:45:50.500,3868.0,3544.0
2017-10-12 13:45:51.500,3869.0,3544.0
2017-10-12 13:45:52.000,3868.0,3545.0
2017-10-12 13:45:52.500,3869.0,3545.0
2017-10-12 13:45:53.000,3868.0,3545.0
2017-10-12 13:45:53.500,3870.0,3544.0
2017-10-12 13:45:54.000,3870.0,3544.0
2017-10-12 13:45:54.500,3870.0,3543.0
2017-10-12 13:45:55.000,3869.0,3544.0
2017-10-12 13:45:55.500,3869.0,3544.0
2017-10-12 13:45:56.500,3868.0,3544.0
2017-10-12 13:45:57.000,3868.0,3544.0
2017-10-12 13:45:58.000,3868.0,3543.0
2017-10-12 13:45:58.500,3868.0,3544.0
2017-10-12 13:45:59.000,3868.0,3543.0
2017-10-12 13:45:59.500,3868.0,3544.0
2017-10-12 13:46:00.000,3868.0,3544.0
2017-10-12 13:46:01.500,3868.0,3544.0
2017-10-12 13:46:02.000,3867.0,3543.0
2017-10-12 13:46:02.500,3868.0,3544.0
2017-10-12 13:46:03.000,3869.0,3544.0
2017-10-12 13:46:03.500,3867.0,3544.0
2017-10-12 13:46:04.000,3868.0,3543.0
2017-10-12 13:46:04.500,3868.0,3542.0
2017-10-12 13:46:05.000,3868.0,3542.0
2017-10-12 13:46:05.500,3868.0,3543.0
2017-10-12 13:46:06.000,3868.0,3543.0
2017-10-12 13:46:06.500,3869.0,3543.0
2017-10-12 13:46:07.000,3868.0,3544.0
2017-10-12 13:46:08.000,3868.0,3543.0
2017-10-12 13:46:09.000,3868.0,3543.0
2017-10-12 13:46:09.500,3868.0,3543.0
2017-10-12 13:46:10.000,3867.0,3543.0
2017-10-12 13:46:10.500,3867.0,3542.0
2017-10-12 13:46:11.000,3867.0,3542.0
2017-10-12 13:46:11.500,3867.0,3542.0
2017-10-12 13:46:12.500,3867.0,3542.0
2017-10-12 13:46:13.000,3867.0,3542.0
2017-10-12 13:46:13.500,3867.0,3542.0
2017-10-12 13:46:14.500,3867.0,3542.0
2017-10-12 13:46:15.000,3867.0,3543.0
2017-10-12 13:46:15.500,3867.0,3542.0
2017-10-12 13:46:16.000,3867.0,3542.0
2017-10-12 13:46:16.500,3867.0,3542.0
2017-10-12 13:46:17.500,3867.0,3542.0
2017-10-12 13:46:18.000,3867.0,3542.0
2017-10-12 13:46:18.500,3868.0,3542.0
2017-10-12 13:46:19.000,3867.0,3542.0
2017-10-12 13:46:19.500,3867.0,3541.0
2017-10-12 13:46:20.500,3867.0,3542.0
2017-10-12 13:46:21.000,3867.0,3543.0
2017-10-12 13:46:21.500,3866.0,3542.0
2017-10-12 13:46:22.000,3866.0,3542.0
2017-10-12 13:46:22.500,3866.0,3541.0
2017-10-12 13:46:23.000,3866.0,3541.0
2017-10-12 13:46:23.500,3866.0,3541.0
2017-10-12 13:46:24.000,3867.0,3542.0
2017-10-12 13:46:24.500,3865.0,3541.0
2017-10-12 13:46:25.000,3865.0,3542.0
2017-10-12 13:46:25.500,3865.0,3542.0
2017-10-12 13:46:26.000,3866.0,3542.0
2017-10-12 13:46:27.500,3866.0,3542.0
2017-10-12 13:46:28.000,3866.0,3542.0
2017-10-12 13:46:28.500,3866.0,3542.0
2017-10-12 13:46:29.500,3867.0,3542.0
2017-10-12 13:46:30.000,3867.0,3542.0
2017-10-12 13:46:30.500,3867.0,3542.0
2017-10-12 13:46:31.000,3867.0,3542.0
2017-10-12 13:46:32.000,3867.0,3543.0
2017-10-12 13:46:33.000,3867.0,3543.0
2017-10-12 13:46:33.500,3867.0,3543.0
2017-10-12 13:46:34.500,3867.0,3544.0
2017-10-12 13:46:35.000,3867.0,3543.0
2017-10-12 13:46:35.500,3867.0,3543.0
2017-10-12 13:46:36.000,3867.0,3543.0
2017-10-12 13:46:36.500,3868.0,3544.0
2017-10-12 13:46:37.000,3867.0,3544.0
2017-10-12 13:46:37.500,3867.0,3544.0
2017-10-12 13:46:38.000,3867.0,3544.0
2017-10-12 13:46:38.500,3867.0,3543.0
2017-10-12 13:46:39.000,3867.0,3543.0
2017-10-12 13:46:39.500,3867.0,3543.0
2017-10-12 13:46:40.000,3868.0,3543.0
2017-10-12 13:46:41.000,3867.0,3542.0
2017-10-12 13:46:41.500,3867.0,3542.0
2017-10-12 13:46:42.500,3867.0,3543.0
2017-10-12 13:46:43.000,3867.0,3543.0
2017-10-12 13:46:44.000,3867.0,3543.0
2017-10-12 13:46:45.000,3868.0,3542.0
2017-10-12 13:46:45.500,3867.0,3542.0
2017-10-12 13:46:46.000,3868.0,3543.0
2017-10-12 13:46:47.000,3868.0,3543.0
2017-10-12 13:46:48.000,3868.0,3543.0
2017-10-12 13:46:48.500,3868.0,3543.0
2017-10-12 13:46:49.000,3868.0,3543.0
2017-10-12 13:46:49.500,3868.0,3543.0
2017-10-12 13:46:50.000,3867.0,3543.0
2017-10-12 13:46:50.500,3867.0,3543.0
2017-10-12 13:46:51.000,3867.0,3543.0
2017-10-12 13:46:52.000,3868.0,3542.0
2017-10-12 13:46:52.500,3868.0,3542.0
2017-10-12 13:46:53.000,3868.0,3543.0
2017-10-12 13:46:53.500,3868.0,3543.0
2017-10-12 13:46:54.000,3869.0,3542.0
2017-10-12 13:46:54.500,3869.0,3544.0
2017-10-12 13:46:55.000,3868.0,3543.0
2017-10-12 13:46:55.500,3868.0,3543.0
2017-10-12 13:46:56.500,3868.0,3543.0
2017-10-12 13:46:57.000,3868.0,3543.0
2017-10-12 13:46:57.500,3869.0,3543.0
2017-10-12 13:46:58.000,3869.0,3543.0
2017-10-12 13:46:59.000,3870.0,3545.0
2017-10-12 13:46:59.500,3870.0,3544.0
2017-10-12 13:47:00.000,3870.0,3544.0
2017-10-12 13:47:00.500,3870.0,3544.0
2017-10-12 13:47:01.000,3871.0,3545.0
2017-10-12 13:47:01.500,3869.0,3545.0
2017-10-12 13:47:02.000,3869.0,3545.0
2017-10-12 13:47:03.000,3871.0,3545.0
2017-10-12 13:47:03.500,3870.0,3544.0
2017-10-12 13:47:04.000,3870.0,3545.0
2017-10-12 13:47:04.500,3869.0,3545.0
2017-10-12 13:47:05.000,3871.0,3545.0
2017-10-12 13:47:05.500,3871.0,3545.0
2017-10-12 13:47:06.500,3871.0,3546.0
2017-10-12 13:47:07.000,3871.0,3546.0
2017-10-12 13:47:07.500,3871.0,3546.0
2017-10-12 13:47:08.000,3871.0,3546.0
2017-10-12 13:47:08.500,3872.0,3546.0
2017-10-12 13:47:09.000,3872.0,3545.0
2017-10-12 13:47:09.500,3872.0,3546.0
2017-10-12 13:47:10.000,3872.0,3545.0
2017-10-12 13:47:10.500,3871.0,3546.0
2017-10-12 13:47:11.000,3872.0,3545.0
2017-10-12 13:47:12.000,3870.0,3546.0
2017-10-12 13:47:13.000,3870.0,3545.0
2017-10-12 13:47:13.500,3871.0,3545.0
2017-10-12 13:47:14.500,3871.0,3546.0
2017-10-12 13:47:15.000,3870.0,3546.0
2017-10-12 13:47:15.500,3870.0,3546.0
2017-10-12 13:47:16.000,3870.0,3545.0
2017-10-12 13:47:16.500,3871.0,3546.0
2017-10-12 13:47:17.000,3871.0,3546.0
2017-10-12 13:47:17.500,3871.0,3545.0
2017-10-12 13:47:18.000,3870.0,3545.0
2017-10-12 13:47:18.500,3871.0,3545.0
2017-10-12 13:47:19.000,3870.0,3545.0
2017-10-12 13:47:20.000,3871.0,3545.0
2017-10-12 13:47:20.500,3871.0,3545.0
2017-10-12 13:47:21.000,3870.0,3544.0
2017-10-12 13:47:21.500,3870.0,3544.0
2017-10-12 13:47:22.000,3870.0,3544.0
2017-10-12 13:47:23.000,3869.0,3544.0
2017-10-12 13:47:24.000,3869.0,3544.0
2017-10-12 13:47:24.500,3870.0,3544.0
2017-10-12 13:47:25.500,3870.0,3544.0
2017-10-12 13:47:26.000,3870.0,3544.0
2017-10-12 13:47:26.500,3870.0,3543.0
2017-10-12 13:47:27.000,3869.0,3543.0
2017-10-12 13:47:28.000,3869.0,3543.0
2017-10-12 13:47:29.000,3868.0,3543.0
2017-10-12 13:47:29.500,3868.0,3542.0
2017-10-12 13:47:30.500,3868.0,3542.0
2017-10-12 13:47:31.000,3869.0,3543.0
2017-10-12 13:47:31.500,3869.0,3543.0
2017-10-12 13:47:32.000,3869.0,3543.0
2017-10-12 13:47:32.500,3869.0,3542.0
2017-10-12 13:47:33.000,3869.0,3543.0
2017-10-12 13:47:33.500,3868.0,3543.0
2017-10-12 13:47:34.000,3868.0,3543.0
2017-10-12 13:47:35.000,3868.0,3543.0
2017-10-12 13:47:36.000,3869.0,3542.0
2017-10-12 13:47:36.500,3869.0,3543.0
2017-10-12 13:47:37.500,3869.0,3543.0
2017-10-12 13:47:38.000,3869.0,3543.0
2017-10-12 13:47:38.500,3868.0,3543.0
2017-10-12 13:47:39.000,3868.0,3542.0
2017-10-12 13:47:39.500,3868.0,3543.0
2017-10-12 13:47:40.000,3868.0,3542.0
2017-10-12 13:47:41.000,3868.0,3543.0
2017-10-12 13:47:41.500,3869.0,3543.0
2017-10-12 13:47:42.000,3868.0,3543.0
2017-10-12 13:47:42.500,3868.0,3543.0
2017-10-12 13:47:43.000,3869.0,3543.0
2017-10-12 13:47:43.500,3869.0,3543.0
2017-10-12 13:47:44.500,3868.0,3543.0
2017-10-12 13:47:45.000,3868.0,3542.0
2017-10-12 13:47:45.500,3868.0,3543.0
2017-10-12 13:47:46.000,3868.0,3543.0
2017-10-12 13:47:46.500,3868.0,3542.0
2017-10-12 13:47:47.000,3868.0,3542.0
2017-10-12 13:47:47.500,3868.0,3542.0
2017-10-12 13:47:48.000,3868.0,3542.0
2017-10-12 13:47:48.500,3869.0,3543.0
2017-10-12 13:47:49.500,3869.0,3542.0
2017-10-12 13:47:50.000,3868.0,3542.0
2017-10-12 13:47:51.000,3868.0,3542.0
2017-10-12 13:47:51.500,3867.0,3541.0
2017-10-12 13:47:52.000,3868.0,3541.0
2017-10-12 13:47:52.500,3868.0,3542.0
2017-10-12 13:47:53.000,3868.0,3542.0
2017-10-12 13:47:53.500,3868.0,3541.0
2017-10-12 13:47:54.500,3868.0,3541.0
2017-10-12 13:47:55.000,3868.0,3541.0
2017-10-12 13:47:55.500,3867.0,3542.0
2017-10-12 13:47:56.500,3867.0,3542.0
2017-10-12 13:47:57.000,3867.0,3542.0
2017-10-12 13:47:57.500,3867.0,3542.0
2017-10-12 13:47:58.000,3867.0,3542.0
2017-10-12 13:47:58.500,3867.0,3542.0
2017-10-12 13:47:59.000,3867.0,3542.0
2017-10-12 13:47:59.500,3868.0,3542.0
2017-10-12 13:48:00.500,3867.0,3541.0
2017-10-12 13:48:01.000,3867.0,3541.0
2017-10-12 13:48:01.500,3868.0,3541.0
2017-10-12 13:48:02.000,3868.0,3541.0
2017-10-12 13:48:03.000,3867.0,3542.0
2017-10-12 13:48:03.500,3867.0,3542.0
2017-10-12 13:48:04.500,3867.0,3543.0
2017-10-12 13:48:05.000,3868.0,3542.0
2017-10-12 13:48:06.000,3867.0,3542.0
2017-10-12 13:48:06.500,3868.0,3543.0
2017-10-12 13:48:07.000,3868.0,3542.0
2017-10-12 13:48:07.500,3868.0,3542.0
2017-10-12 13:48:08.000,3868.0,3543.0
2017-10-12 13:48:08.500,3868.0,3542.0
2017-10-12 13:48:09.000,3868.0,3543.0
2017-10-12 13:48:09.500,3868.0,3543.0
2017-10-12 13:48:10.000,3868.0,3543.0
2017-10-12 13:48:10.500,3868.0,3543.0
2017-10-12 13:48:11.000,3868.0,3543.0
2017-10-12 13:48:11.500,3869.0,3543.0
2017-10-12 13:48:12.000,3869.0,3543.0
2017-10-12 13:48:12.500,3869.0,3543.0
2017-10-12 13:48:13.000,3869.0,3543.0
2017-10-12 13:48:13.500,3868.0,3543.0
2017-10-12 13:48:14.000,3868.0,3542.0
2017-10-12 13:48:14.500,3869.0,3542.0
2017-10-12 13:48:15.000,3869.0,3542.0
2017-10-12 13:48:15.500,3869.0,3542.0
2017-10-12 13:48:16.000,3869.0,3541.0
2017-10-12 13:48:16.500,3869.0,3542.0
2017-10-12 13:48:17.000,3868.0,3542.0
2017-10-12 13:48:17.500,3868.0,3543.0
2017-10-12 13:48:18.500,3868.0,3543.0
2017-10-12 13:48:19.000,3868.0,3543.0
2017-10-12 13:48:19.500,3869.0,3543.0
2017-10-12 13:48:20.000,3869.0,3543.0
2017-10-12 13:48:20.500,3868.0,3542.0
2017-10-12 13:48:21.000,3868.0,3542.0
2017-10-12 13:48:21.500,3868.0,3542.0
2017-10-12 13:48:22.000,3868.0,3541.0
2017-10-12 13:48:23.000,3868.0,3543.0
2017-10-12 13:48:23.500,3869.0,3542.0
2017-10-12 13:48:24.000,3869.0,3543.0
2017-10-12 13:48:24.500,3869.0,3542.0
2017-10-12 13:48:25.000,3869.0,3543.0
2017-10-12 13:48:26.000,3869.0,3542.0
2017-10-12 13:48:26.500,3869.0,3543.0
2017-10-12 13:48:28.000,3869.0,3542.0
2017-10-12 13:48:28.500,3869.0,3542.0
2017-10-12 13:48:29.000,3868.0,3542.0
2017-10-12 13:48:29.500,3868.0,3542.0
2017-10-12 13:48:30.000,3868.0,3543.0
2017-10-12 13:48:30.500,3869.0,3542.0
2017-10-12 13:48:31.000,3869.0,3542.0
2017-10-12 13:48:31.500,3869.0,3543.0
2017-10-12 13:48:32.000,3869.0,3543.0
2017-10-12 13:48:32.500,3869.0,3541.0
2017-10-12 13:48:33.000,3869.0,3542.0
2017-10-12 13:48:34.000,3868.0,3542.0
2017-10-12 13:48:35.000,3869.0,3542.0
2017-10-12 13:48:35.500,3869.0,3542.0
2017-10-12 13:48:36.000,3869.0,3543.0
2017-10-12 13:48:36.500,3869.0,3542.0
2017-10-12 13:48:37.000,3869.0,3542.0
2017-10-12 13:48:37.500,3869.0,3542.0
2017-10-12 13:48:38.000,3868.0,3542.0
2017-10-12 13:48:38.500,3869.0,3542.0
2017-10-12 13:48:39.000,3868.0,3542.0
2017-10-12 13:48:40.500,3868.0,3542.0
2017-10-12 13:48:41.000,3868.0,3542.0
2017-10-12 13:48:42.000,3868.0,3541.0
2017-10-12 13:48:42.500,3868.0,3542.0
2017-10-12 13:48:43.500,3868.0,3541.0
2017-10-12 13:48:44.000,3868.0,3542.0
2017-10-12 13:48:44.500,3868.0,3541.0
2017-10-12 13:48:45.500,3868.0,3541.0
2017-10-12 13:48:46.000,3868.0,3542.0
2017-10-12 13:48:47.000,3868.0,3543.0
2017-10-12 13:48:47.500,3868.0,3542.0
2017-10-12 13:48:48.000,3868.0,3542.0
2017-10-12 13:48:49.000,3868.0,3542.0
2017-10-12 13:48:50.000,3868.0,3542.0
2017-10-12 13:48:50.500,3868.0,3542.0
2017-10-12 13:48:51.000,3868.0,3542.0
2017-10-12 13:48:51.500,3868.0,3543.0
2017-10-12 13:48:52.500,3868.0,3542.0
2017-10-12 13:48:53.000,3868.0,3542.0
2017-10-12 13:48:53.500,3868.0,3543.0
2017-10-12 13:48:54.000,3868.0,3543.0
2017-10-12 13:48:54.500,3868.0,3544.0
2017-10-12 13:48:55.000,3868.0,3543.0
2017-10-12 13:48:56.500,3868.0,3543.0
2017-10-12 13:48:57.500,3869.0,3544.0
2017-10-12 13:48:58.000,3869.0,3543.0
2017-10-12 13:48:58.500,3869.0,3543.0
2017-10-12 13:48:59.000,3870.0,3543.0
2017-10-12 13:48:59.500,3869.0,3544.0
2017-10-12 13:49:00.000,3869.0,3543.0
2017-10-12 13:49:00.500,3869.0,3544.0
2017-10-12 13:49:01.000,3870.0,3544.0
2017-10-12 13:49:01.500,3870.0,3544.0
2017-10-12 13:49:02.000,3870.0,3543.0
2017-10-12 13:49:03.000,3869.0,3544.0
2017-10-12 13:49:03.500,3869.0,3544.0
2017-10-12 13:49:04.000,3869.0,3544.0
2017-10-12 13:49:04.500,3870.0,3544.0
2017-10-12 13:49:05.500,3870.0,3544.0
2017-10-12 13:49:06.000,3869.0,3545.0
2017-10-12 13:49:06.500,3870.0,3545.0
2017-10-12 13:49:07.000,3870.0,3545.0
2017-10-12 13:49:07.500,3870.0,3544.0
2017-10-12 13:49:08.500,3870.0,3545.0
2017-10-12 13:49:09.000,3870.0,3545.0
2017-10-12 13:49:09.500,3870.0,3545.0
2017-10-12 13:49:10.000,3871.0,3545.0
2017-10-12 13:49:10.500,3870.0,3545.0
2017-10-12 13:49:11.500,3871.0,3544.0
2017-10-12 13:49:12.000,3871.0,3545.0
2017-10-12 13:49:12.500,3870.0,3545.0
2017-10-12 13:49:13.000,3872.0,3545.0
2017-10-12 13:49:13.500,3872.0,3545.0
2017-10-12 13:49:14.000,3872.0,3544.0
2017-10-12 13:49:14.500,3872.0,3544.0
2017-10-12 13:49:15.000,3871.0,3544.0
2017-10-12 13:49:15.500,3871.0,3545.0
2017-10-12 13:49:16.000,3871.0,3545.0
2017-10-12 13:49:16.500,3871.0,3544.0
2017-10-12 13:49:17.000,3871.0,3545.0
2017-10-12 13:49:17.500,3871.0,3544.0
2017-10-12 13:49:18.000,3870.0,3543.0
2017-10-12 13:49:18.500,3871.0,3544.0
2017-10-12 13:49:19.000,3871.0,3544.0
2017-10-12 13:49:19.500,3871.0,3544.0
2017-10-12 13:49:20.500,3871.0,3545.0
2017-10-12 13:49:21.000,3871.0,3544.0
2017-10-12 13:49:21.500,3870.0,3545.0
2017-10-12 13:49:22.000,3870.0,3544.0
2017-10-12 13:49:22.500,3870.0,3545.0
2017-10-12 13:49:23.000,3871.0,3545.0
2017-10-12 13:49:23.500,3871.0,3545.0
2017-10-12 13:49:24.000,3871.0,3545.0
2017-10-12 13:49:24.500,3871.0,3545.0
2017-10-12 13:49:25.000,3871.0,3545.0
2017-10-12 13:49:25.500,3871.0,3545.0
2017-10-12 13:49:26.000,3871.0,3546.0
2017-10-12 13:49:27.000,3871.0,3545.0
2017-10-12 13:49:27.500,3872.0,3544.0
2017-10-12 13:49:28.000,3872.0,3545.0
2017-10-12 13:49:28.500,3872.0,3546.0
2017-10-12 13:49:29.500,3872.0,3546.0
2017-10-12 13:49:30.500,3872.0,3546.0
2017-10-12 13:49:31.000,3873.0,3546.0
2017-10-12 13:49:31.500,3874.0,3546.0
2017-10-12 13:49:32.000,3874.0,3547.0
2017-10-12 13:49:32.500,3874.0,3548.0
2017-10-12 13:49:33.000,3873.0,3547.0
2017-10-12 13:49:33.500,3874.0,3548.0
2017-10-12 13:49:34.000,3875.0,3547.0
2017-10-12 13:49:34.500,3875.0,3548.0
2017-10-12 13:49:35.500,3874.0,3547.0
2017-10-12 13:49:36.000,3874.0,3547.0
2017-10-12 13:49:36.500,3874.0,3549.0
2017-10-12 13:49:37.000,3875.0,3548.0
2017-10-12 13:49:37.500,3874.0,3548.0
2017-10-12 13:49:38.000,3875.0,3549.0
2017-10-12 13:49:38.500,3875.0,3549.0
2017-10-12 13:49:39.000,3874.0,3549.0
2017-10-12 13:49:39.500,3875.0,3549.0
2017-10-12 13:49:40.000,3875.0,3549.0
2017-10-12 13:49:40.500,3875.0,3549.0
2017-10-12 13:49:41.000,3874.0,3549.0
2017-10-12 13:49:41.500,3875.0,3549.0
2017-10-12 13:49:42.000,3875.0,3548.0
2017-10-12 13:49:42.500,3875.0,3549.0
2017-10-12 13:49:43.000,3875.0,3549.0
2017-10-12 13:49:43.500,3875.0,3549.0
2017-10-12 13:49:44.000,3876.0,3549.0
2017-10-12 13:49:44.500,3876.0,3548.0
2017-10-12 13:49:45.500,3876.0,3548.0
2017-10-12 13:49:46.500,3876.0,3550.0
2017-10-12 13:49:47.000,3876.0,3549.0
2017-10-12 13:49:47.500,3876.0,3550.0
2017-10-12 13:49:48.500,3876.0,3548.0
2017-10-12 13:49:49.000,3876.0,3549.0
2017-10-12 13:49:49.500,3876.0,3548.0
2017-10-12 13:49:50.000,3876.0,3548.0
2017-10-12 13:49:50.500,3875.0,3548.0
2017-10-12 13:49:51.000,3875.0,3549.0
2017-10-12 13:49:51.500,3876.0,3549.0
2017-10-12 13:49:53.000,3876.0,3548.0
2017-10-12 13:49:53.500,3877.0,3549.0
2017-10-12 13:49:54.000,3876.0,3549.0
2017-10-12 13:49:54.500,3876.0,3549.0
2017-10-12 13:49:55.000,3876.0,3549.0
2017-10-12 13:49:55.500,3877.0,3549.0
2017-10-12 13:49:56.000,3877.0,3549.0
2017-10-12 13:49:56.500,3876.0,3549.0
2017-10-12 13:49:57.000,3876.0,3549.0
2017-10-12 13:49:57.500,3877.0,3549.0
2017-10-12 13:49:58.000,3877.0,3549.0
2017-10-12 13:49:58.500,3876.0,3549.0
2017-10-12 13:49:59.000,3876.0,3549.0
2017-10-12 13:49:59.500,3877.0,3549.0
2017-10-12 13:50:00.500,3876.0,3548.0
2017-10-12 13:50:01.000,3877.0,3546.0
2017-10-12 13:50:01.500,3877.0,3546.0
2017-10-12 13:50:02.000,3875.0,3549.0
2017-10-12 13:50:03.000,3876.0,3547.0
2017-10-12 13:50:03.500,3876.0,3548.0
2017-10-12 13:50:04.000,3875.0,3548.0
2017-10-12 13:50:05.000,3875.0,3548.0
2017-10-12 13:50:05.500,3875.0,3547.0
2017-10-12 13:50:06.000,3874.0,3548.0
2017-10-12 13:50:06.500,3874.0,3548.0
2017-10-12 13:50:07.000,3876.0,3546.0
2017-10-12 13:50:07.500,3874.0,3547.0
2017-10-12 13:50:08.000,3874.0,3547.0
2017-10-12 13:50:08.500,3874.0,3546.0
2017-10-12 13:50:09.000,3874.0,3547.0
2017-10-12 13:50:09.500,3876.0,3546.0
2017-10-12 13:50:10.000,3875.0,3547.0
2017-10-12 13:50:10.500,3874.0,3547.0
2017-10-12 13:50:11.000,3874.0,3547.0
2017-10-12 13:50:12.000,3875.0,3546.0
2017-10-12 13:50:12.500,3873.0,3546.0
2017-10-12 13:50:13.000,3873.0,3545.0
2017-10-12 13:50:13.500,3874.0,3546.0
2017-10-12 13:50:14.000,3875.0,3546.0
2017-10-12 13:50:15.000,3873.0,3546.0
2017-10-12 13:50:16.000,3875.0,3545.0
2017-10-12 13:50:16.500,3873.0,3545.0
2017-10-12 13:50:17.000,3873.0,3545.0
2017-10-12 13:50:17.500,3873.0,3545.0
2017-10-12 13:50:18.000,3874.0,3544.0
2017-10-12 13:50:18.500,3873.0,3544.0
2017-10-12 13:50:19.500,3871.0,3544.0
2017-10-12 13:50:20.500,3871.0,3543.0
2017-10-12 13:50:21.000,3871.0,3543.0
2017-10-12 13:50:21.500,3871.0,3543.0
2017-10-12 13:50:22.000,3871.0,3543.0
2017-10-12 13:50:22.500,3871.0,3543.0
2017-10-12 13:50:23.000,3871.0,3542.0
2017-10-12 13:50:23.500,3871.0,3543.0
2017-10-12 13:50:24.000,3872.0,3543.0
2017-10-12 13:50:24.500,3872.0,3543.0
2017-10-12 13:50:25.000,3872.0,3543.0
2017-10-12 13:50:25.500,3872.0,3543.0
2017-10-12 13:50:26.000,3872.0,3543.0
2017-10-12 13:50:26.500,3872.0,3543.0
2017-10-12 13:50:27.000,3872.0,3543.0
2017-10-12 13:50:27.500,3872.0,3543.0
2017-10-12 13:50:28.500,3871.0,3543.0
2017-10-12 13:50:29.000,3872.0,3543.0
2017-10-12 13:50:29.500,3872.0,3543.0
2017-10-12 13:50:30.500,3872.0,3543.0
2017-10-12 13:50:31.000,3872.0,3544.0
2017-10-12 13:50:31.500,3872.0,3544.0
2017-10-12 13:50:32.000,3872.0,3543.0
2017-10-12 13:50:32.500,3872.0,3544.0
2017-10-12 13:50:33.000,3872.0,3543.0
2017-10-12 13:50:33.500,3872.0,3544.0
2017-10-12 13:50:34.500,3871.0,3544.0
2017-10-12 13:50:35.500,3872.0,3543.0
2017-10-12 13:50:36.000,3871.0,3543.0
2017-10-12 13:50:36.500,3873.0,3544.0
2017-10-12 13:50:37.000,3871.0,3543.0
2017-10-12 13:50:37.500,3871.0,3543.0
2017-10-12 13:50:38.000,3871.0,3543.0
2017-10-12 13:50:38.500,3873.0,3544.0
2017-10-12 13:50:39.000,3873.0,3544.0
2017-10-12 13:50:39.500,3873.0,3545.0
2017-10-12 13:50:40.000,3873.0,3544.0
2017-10-12 13:50:40.500,3873.0,3545.0
2017-10-12 13:50:41.000,3872.0,3544.0
2017-10-12 13:50:42.000,3874.0,3545.0
2017-10-12 13:50:43.000,3874.0,3545.0
2017-10-12 13:50:43.500,3872.0,3545.0
2017-10-12 13:50:44.000,3873.0,3545.0
2017-10-12 13:50:45.000,3873.0,3545.0
2017-10-12 13:50:45.500,3873.0,3544.0
2017-10-12 13:50:46.000,3873.0,3545.0
2017-10-12 13:50:46.500,3873.0,3545.0
2017-10-12 13:50:47.000,3873.0,3544.0
2017-10-12 13:50:47.500,3873.0,3544.0
2017-10-12 13:50:48.000,3872.0,3545.0
2017-10-12 13:50:48.500,3872.0,3545.0
2017-10-12 13:50:49.500,3872.0,3544.0
2017-10-12 13:50:50.000,3872.0,3545.0
2017-10-12 13:50:50.500,3872.0,3545.0
2017-10-12 13:50:51.000,3872.0,3544.0
2017-10-12 13:50:51.500,3871.0,3545.0
2017-10-12 13:50:52.000,3871.0,3544.0
2017-10-12 13:50:52.500,3872.0,3546.0
2017-10-12 13:50:53.000,3871.0,3545.0
2017-10-12 13:50:53.500,3872.0,3545.0
2017-10-12 13:50:54.500,3871.0,3546.0
2017-10-12 13:50:55.000,3873.0,3546.0
2017-10-12 13:50:56.000,3873.0,3546.0
2017-10-12 13:50:56.500,3873.0,3546.0
2017-10-12 13:50:57.000,3874.0,3547.0
2017-10-12 13:50:57.500,3873.0,3547.0
2017-10-12 13:50:58.000,3873.0,3546.0
2017-10-12 13:50:58.500,3873.0,3545.0
2017-10-12 13:50:59.000,3874.0,3546.0
2017-10-12 13:50:59.500,3872.0,3546.0
2017-10-12 13:51:00.000,3872.0,3545.0
2017-10-12 13:51:01.000,3872.0,3546.0
2017-10-12 13:51:01.500,3872.0,3546.0
2017-10-12 13:51:02.000,3872.0,3545.0
2017-10-12 13:51:02.500,3872.0,3546.0
2017-10-12 13:51:03.000,3872.0,3545.0
2017-10-12 13:51:03.500,3872.0,3545.0
2017-10-12 13:51:04.000,3872.0,3545.0
2017-10-12 13:51:04.500,3872.0,3545.0
2017-10-12 13:51:05.000,3872.0,3544.0
2017-10-12 13:51:05.500,3872.0,3546.0
2017-10-12 13:51:06.000,3872.0,3545.0
2017-10-12 13:51:06.500,3873.0,3545.0
2017-10-12 13:51:07.500,3874.0,3545.0
2017-10-12 13:51:08.000,3873.0,3545.0
2017-10-12 13:51:08.500,3874.0,3545.0
2017-10-12 13:51:09.000,3873.0,3544.0
2017-10-12 13:51:09.500,3873.0,3544.0
2017-10-12 13:51:10.000,3873.0,3544.0
2017-10-12 13:51:10.500,3873.0,3545.0
2017-10-12 13:51:11.000,3873.0,3545.0
2017-10-12 13:51:11.500,3873.0,3544.0
2017-10-12 13:51:12.000,3873.0,3544.0
2017-10-12 13:51:12.500,3873.0,3544.0
2017-10-12 13:51:13.000,3873.0,3545.0
2017-10-12 13:51:13.500,3873.0,3545.0
2017-10-12 13:51:14.000,3873.0,3544.0
2017-10-12 13:51:14.500,3873.0,3544.0
2017-10-12 13:51:15.000,3873.0,3545.0
2017-10-12 13:51:15.500,3873.0,3545.0
2017-10-12 13:51:16.000,3873.0,3544.0
2017-10-12 13:51:16.500,3872.0,3544.0
2017-10-12 13:51:17.000,3872.0,3544.0
2017-10-12 13:51:17.500,3872.0,3544.0
2017-10-12 13:51:18.000,3872.0,3544.0
2017-10-12 13:51:18.500,3872.0,3544.0
2017-10-12 13:51:19.000,3872.0,3544.0
2017-10-12 13:51:20.000,3872.0,3543.0
2017-10-12 13:51:20.500,3873.0,3543.0
2017-10-12 13:51:21.000,3872.0,3543.0
2017-10-12 13:51:21.500,3873.0,3544.0
2017-10-12 13:51:22.000,3873.0,3544.0
2017-10-12 13:51:22.500,3873.0,3544.0
2017-10-12 13:51:23.000,3872.0,3543.0
2017-10-12 13:51:23.500,3872.0,3543.0
2017-10-12 13:51:24.000,3872.0,3545.0
2017-10-12 13:51:24.500,3872.0,3544.0
2017-10-12 13:51:25.500,3872.0,3544.0
2017-10-12 13:51:26.500,3873.0,3544.0
2017-10-12 13:51:27.000,3872.0,3543.0
2017-10-12 13:51:27.500,3873.0,3543.0
2017-10-12 13:51:28.000,3873.0,3544.0
2017-10-12 13:51:28.500,3872.0,3545.0
2017-10-12 13:51:29.000,3872.0,3543.0
2017-10-12 13:51:29.500,3872.0,3544.0
2017-10-12 13:51:30.000,3871.0,3544.0
2017-10-12 13:51:30.500,3872.0,3544.0
2017-10-12 13:51:31.000,3871.0,3543.0
2017-10-12 13:51:31.500,3872.0,3543.0
2017-10-12 13:51:32.000,3871.0,3544.0
2017-10-12 13:51:32.500,3871.0,3543.0
2017-10-12 13:51:33.000,3871.0,3542.0
2017-10-12 13:51:33.500,3871.0,3542.0
2017-10-12 13:51:34.000,3870.0,3543.0
2017-10-12 13:51:34.500,3870.0,3543.0
2017-10-12 13:51:35.000,3870.0,3542.0
2017-10-12 13:51:35.500,3870.0,3543.0
2017-10-12 13:51:36.000,3871.0,3542.0
2017-10-12 13:51:37.000,3870.0,3543.0
2017-10-12 13:51:37.500,3870.0,3543.0
2017-10-12 13:51:38.000,3870.0,3543.0
2017-10-12 13:51:38.500,3871.0,3543.0
2017-10-12 13:51:39.000,3870.0,3543.0
2017-10-12 13:51:39.500,3870.0,3543.0
2017-10-12 13:51:40.000,3871.0,3543.0
2017-10-12 13:51:40.500,3871.0,3543.0
2017-10-12 13:51:41.000,3871.0,3544.0
2017-10-12 13:51:41.500,3871.0,3543.0
2017-10-12 13:51:42.000,3871.0,3542.0
2017-10-12 13:51:42.500,3871.0,3544.0
2017-10-12 13:51:43.500,3872.0,3543.0
2017-10-12 13:51:44.000,3871.0,3543.0
2017-10-12 13:51:45.000,3870.0,3541.0
2017-10-12 13:51:45.500,3870.0,3542.0
2017-10-12 13:51:46.000,3870.0,3540.0
2017-10-12 13:51:46.500,3870.0,3543.0
2017-10-12 13:51:47.000,3870.0,3542.0
2017-10-12 13:51:47.500,3870.0,3542.0
2017-10-12 13:51:48.000,3871.0,3541.0
2017-10-12 13:51:48.500,3869.0,3540.0
2017-10-12 13:51:49.000,3868.0,3539.0
2017-10-12 13:51:49.500,3868.0,3540.0
2017-10-12 13:51:50.000,3869.0,3540.0
2017-10-12 13:51:50.500,3869.0,3539.0
2017-10-12 13:51:51.000,3868.0,3539.0
2017-10-12 13:51:51.500,3868.0,3539.0
2017-10-12 13:51:52.000,3867.0,3538.0
2017-10-12 13:51:52.500,3867.0,3539.0
2017-10-12 13:51:53.000,3867.0,3538.0
2017-10-12 13:51:53.500,3869.0,3539.0
2017-10-12 13:51:54.000,3867.0,3538.0
2017-10-12 13:51:54.500,3868.0,3537.0
2017-10-12 13:51:55.000,3867.0,3539.0
2017-10-12 13:51:55.500,3867.0,3538.0
2017-10-12 13:51:56.000,3867.0,3538.0
2017-10-12 13:51:57.000,3867.0,3538.0
2017-10-12 13:51:57.500,3867.0,3537.0
2017-10-12 13:51:58.500,3867.0,3537.0
2017-10-12 13:51:59.500,3866.0,3538.0
2017-10-12 13:52:00.000,3866.0,3538.0
2017-10-12 13:52:00.500,3866.0,3538.0
2017-10-12 13:52:01.500,3866.0,3537.0
2017-10-12 13:52:02.000,3866.0,3537.0
2017-10-12 13:52:02.500,3866.0,3538.0
2017-10-12 13:52:03.000,3866.0,3539.0
2017-10-12 13:52:03.500,3866.0,3539.0
2017-10-12 13:52:04.000,3867.0,3538.0
2017-10-12 13:52:04.500,3867.0,3537.0
2017-10-12 13:52:05.000,3867.0,3538.0
2017-10-12 13:52:05.500,3867.0,3538.0
2017-10-12 13:52:06.000,3867.0,3538.0
2017-10-12 13:52:06.500,3867.0,3538.0
2017-10-12 13:52:07.000,3866.0,3538.0
2017-10-12 13:52:07.500,3866.0,3539.0
2017-10-12 13:52:08.000,3867.0,3538.0
2017-10-12 13:52:08.500,3867.0,3539.0
2017-10-12 13:52:09.000,3867.0,3539.0
2017-10-12 13:52:09.500,3868.0,3539.0
2017-10-12 13:52:11.000,3867.0,3539.0
2017-10-12 13:52:11.500,3867.0,3539.0
2017-10-12 13:52:12.000,3868.0,3539.0
2017-10-12 13:52:12.500,3867.0,3540.0
2017-10-12 13:52:13.000,3867.0,3539.0
2017-10-12 13:52:13.500,3868.0,3539.0
2017-10-12 13:52:14.500,3867.0,3539.0
2017-10-12 13:52:15.000,3867.0,3539.0
2017-10-12 13:52:15.500,3867.0,3539.0
2017-10-12 13:52:16.000,3867.0,3539.0
2017-10-12 13:52:16.500,3868.0,3540.0
2017-10-12 13:52:17.000,3868.0,3539.0
2017-10-12 13:52:17.500,3868.0,3539.0
2017-10-12 13:52:18.000,3869.0,3540.0
2017-10-12 13:52:18.500,3869.0,3540.0
2017-10-12 13:52:19.000,3868.0,3540.0
2017-10-12 13:52:19.500,3869.0,3539.0
2017-10-12 13:52:20.000,3868.0,3540.0
2017-10-12 13:52:20.500,3868.0,3540.0
2017-10-12 13:52:21.000,3869.0,3541.0
2017-10-12 13:52:21.500,3869.0,3540.0
2017-10-12 13:52:22.500,3870.0,3540.0
2017-10-12 13:52:23.500,3870.0,3541.0
2017-10-12 13:52:24.000,3869.0,3541.0
2017-10-12 13:52:24.500,3870.0,3541.0
2017-10-12 13:52:25.500,3870.0,3542.0
2017-10-12 13:52:26.000,3870.0,3542.0
2017-10-12 13:52:27.000,3870.0,3542.0
2017-10-12 13:52:27.500,3870.0,3541.0
2017-10-12 13:52:28.000,3870.0,3542.0
2017-10-12 13:52:28.500,3871.0,3542.0
2017-10-12 13:52:29.000,3870.0,3542.0
2017-10-12 13:52:29.500,3871.0,3542.0
2017-10-12 13:52:30.000,3870.0,3541.0
2017-10-12 13:52:30.500,3870.0,3541.0
2017-10-12 13:52:31.000,3870.0,3541.0
2017-10-12 13:52:31.500,3869.0,3541.0
2017-10-12 13:52:32.000,3870.0,3541.0
2017-10-12 13:52:32.500,3870.0,3540.0
2017-10-12 13:52:33.500,3869.0,3541.0
2017-10-12 13:52:34.000,3869.0,3541.0
2017-10-12 13:52:34.500,3869.0,3541.0
2017-10-12 13:52:35.000,3870.0,3540.0
2017-10-12 13:52:35.500,3869.0,3541.0
2017-10-12 13:52:36.000,3869.0,3540.0
2017-10-12 13:52:36.500,3869.0,3541.0
2017-10-12 13:52:37.000,3869.0,3541.0
2017-10-12 13:52:37.500,3870.0,3541.0
2017-10-12 13:52:38.000,3870.0,3541.0
2017-10-12 13:52:38.500,3870.0,3541.0
2017-10-12 13:52:39.000,3870.0,3541.0
2017-10-12 13:52:39.500,3870.0,3541.0
2017-10-12 13:52:40.500,3869.0,3541.0
2017-10-12 13:52:41.000,3869.0,3541.0
2017-10-12 13:52:42.000,3869.0,3541.0
2017-10-12 13:52:42.500,3869.0,3541.0
2017-10-12 13:52:43.000,3869.0,3541.0
2017-10-12 13:52:43.500,3869.0,3541.0
2017-10-12 13:52:44.500,3869.0,3541.0
2017-10-12 13:52:45.000,3868.0,3541.0
2017-10-12 13:52:45.500,3869.0,3540.0
2017-10-12 13:52:46.000,3869.0,3540.0
2017-10-12 13:52:46.500,3868.0,3540.0
2017-10-12 13:52:47.000,3868.0,3540.0
2017-10-12 13:52:47.500,3868.0,3540.0
2017-10-12 13:52:48.000,3868.0,3540.0
2017-10-12 13:52:48.500,3869.0,3540.0
2017-10-12 13:52:49.500,3869.0,3541.0
2017-10-12 13:52:50.500,3869.0,3540.0
2017-10-12 13:52:51.000,3869.0,3540.0
2017-10-12 13:52:51.500,3868.0,3541.0
2017-10-12 13:52:52.000,3868.0,3541.0
2017-10-12 13:52:52.500,3869.0,3541.0
2017-10-12 13:52:53.500,3868.0,3541.0
2017-10-12 13:52:54.500,3868.0,3542.0
2017-10-12 13:52:55.000,3868.0,3541.0
2017-10-12 13:52:56.000,3869.0,3542.0
2017-10-12 13:52:57.000,3869.0,3541.0
2017-10-12 13:52:58.000,3869.0,3542.0
2017-10-12 13:52:58.500,3869.0,3541.0
2017-10-12 13:52:59.000,3870.0,3542.0
2017-10-12 13:52:59.500,3870.0,3542.0
2017-10-12 13:53:00.000,3870.0,3542.0
2017-10-12 13:53:00.500,3870.0,3541.0
2017-10-12 13:53:01.500,3870.0,3541.0
2017-10-12 13:53:02.000,3869.0,3541.0
2017-10-12 13:53:02.500,3870.0,3541.0
2017-10-12 13:53:03.000,3870.0,3541.0
2017-10-12 13:53:03.500,3870.0,3541.0
2017-10-12 13:53:04.000,3870.0,3541.0
2017-10-12 13:53:04.500,3870.0,3542.0
2017-10-12 13:53:05.000,3870.0,3541.0
2017-10-12 13:53:06.000,3870.0,3542.0
2017-10-12 13:53:06.500,3870.0,3541.0
2017-10-12 13:53:07.500,3870.0,3540.0
2017-10-12 13:53:08.000,3869.0,3542.0
2017-10-12 13:53:09.000,3869.0,3542.0
2017-10-12 13:53:09.500,3870.0,3542.0
2017-10-12 13:53:10.000,3871.0,3541.0
2017-10-12 13:53:10.500,3870.0,3541.0
2017-10-12 13:53:12.000,3870.0,3542.0
2017-10-12 13:53:12.500,3871.0,3542.0
2017-10-12 13:53:13.000,3871.0,3542.0
2017-10-12 13:53:14.000,3870.0,3543.0
2017-10-12 13:53:15.000,3870.0,3541.0
2017-10-12 13:53:15.500,3872.0,3541.0
2017-10-12 13:53:16.000,3872.0,3543.0
2017-10-12 13:53:16.500,3870.0,3543.0
2017-10-12 13:53:17.000,3872.0,3542.0
2017-10-12 13:53:17.500,3871.0,3542.0
2017-10-12 13:53:18.000,3871.0,3541.0
2017-10-12 13:53:18.500,3872.0,3543.0
2017-10-12 13:53:19.500,3871.0,3542.0
2017-10-12 13:53:20.000,3872.0,3542.0
2017-10-12 13:53:20.500,3872.0,3542.0
2017-10-12 13:53:21.500,3872.0,3542.0
2017-10-12 13:53:22.000,3872.0,3543.0
2017-10-12 13:53:22.500,3872.0,3543.0
2017-10-12 13:53:23.000,3872.0,3542.0
2017-10-12 13:53:24.000,3872.0,3542.0
2017-10-12 13:53:24.500,3872.0,3543.0
2017-10-12 13:53:25.000,3872.0,3543.0
2017-10-12 13:53:25.500,3871.0,3543.0
2017-10-12 13:53:26.500,3871.0,3543.0
2017-10-12 13:53:27.000,3872.0,3542.0
2017-10-12 13:53:27.500,3872.0,3543.0
2017-10-12 13:53:28.000,3872.0,3543.0
2017-10-12 13:53:28.500,3871.0,3543.0
2017-10-12 13:53:29.000,3871.0,3543.0
2017-10-12 13:53:30.000,3871.0,3542.0
2017-10-12 13:53:30.500,3872.0,3542.0
2017-10-12 13:53:31.000,3872.0,3543.0
2017-10-12 13:53:31.500,3872.0,3543.0
2017-10-12 13:53:32.000,3872.0,3543.0
2017-10-12 13:53:33.000,3872.0,3543.0
2017-10-12 13:53:33.500,3872.0,3543.0
2017-10-12 13:53:34.000,3872.0,3542.0
2017-10-12 13:53:34.500,3872.0,3542.0
2017-10-12 13:53:35.000,3871.0,3543.0
2017-10-12 13:53:35.500,3871.0,3543.0
2017-10-12 13:53:36.000,3872.0,3543.0
2017-10-12 13:53:36.500,3872.0,3543.0
2017-10-12 13:53:37.000,3872.0,3543.0
2017-10-12 13:53:38.000,3872.0,3543.0
2017-10-12 13:53:38.500,3872.0,3543.0
2017-10-12 13:53:39.500,3872.0,3542.0
2017-10-12 13:53:40.000,3873.0,3543.0
2017-10-12 13:53:40.500,3873.0,3543.0
2017-10-12 13:53:41.000,3873.0,3543.0
2017-10-12 13:53:42.000,3872.0,3543.0
2017-10-12 13:53:43.000,3872.0,3544.0
2017-10-12 13:53:44.000,3873.0,3543.0
2017-10-12 13:53:45.000,3872.0,3543.0
2017-10-12 13:53:46.000,3872.0,3544.0
2017-10-12 13:53:46.500,3873.0,3544.0
2017-10-12 13:53:47.000,3873.0,3544.0
2017-10-12 13:53:48.000,3872.0,3544.0
2017-10-12 13:53:48.500,3872.0,3543.0
2017-10-12 13:53:49.000,3872.0,3544.0
2017-10-12 13:53:49.500,3871.0,3543.0
2017-10-12 13:53:50.000,3872.0,3542.0
2017-10-12 13:53:50.500,3872.0,3542.0
2017-10-12 13:53:51.000,3872.0,3543.0
2017-10-12 13:53:51.500,3872.0,3543.0
2017-10-12 13:53:52.500,3872.0,3542.0
2017-10-12 13:53:53.000,3872.0,3543.0
2017-10-12 13:53:53.500,3872.0,3542.0
2017-10-12 13:53:54.000,3872.0,3543.0
2017-10-12 13:53:54.500,3872.0,3543.0
2017-10-12 13:53:55.000,3871.0,3543.0
2017-10-12 13:53:55.500,3871.0,3543.0
2017-10-12 13:53:56.000,3871.0,3544.0
2017-10-12 13:53:56.500,3871.0,3543.0
2017-10-12 13:53:57.000,3871.0,3542.0
2017-10-12 13:53:57.500,3871.0,3543.0
2017-10-12 13:53:58.000,3871.0,3543.0
2017-10-12 13:53:58.500,3871.0,3543.0
2017-10-12 13:53:59.000,3871.0,3543.0
2017-10-12 13:53:59.500,3870.0,3543.0
2017-10-12 13:54:00.000,3870.0,3543.0
2017-10-12 13:54:00.500,3870.0,3543.0
2017-10-12 13:54:01.000,3870.0,3543.0
2017-10-12 13:54:02.000,3870.0,3543.0
2017-10-12 13:54:02.500,3870.0,3543.0
2017-10-12 13:54:03.000,3870.0,3542.0
2017-10-12 13:54:03.500,3870.0,3543.0
2017-10-12 13:54:04.500,3871.0,3542.0
2017-10-12 13:54:05.000,3871.0,3543.0
2017-10-12 13:54:05.500,3871.0,3543.0
2017-10-12 13:54:06.500,3871.0,3543.0
2017-10-12 13:54:07.000,3871.0,3542.0
2017-10-12 13:54:07.500,3870.0,3542.0
2017-10-12 13:54:08.000,3870.0,3543.0
2017-10-12 13:54:08.500,3871.0,3543.0
2017-10-12 13:54:09.000,3871.0,3542.0
2017-10-12 13:54:09.500,3871.0,3542.0
2017-10-12 13:54:10.000,3871.0,3542.0
2017-10-12 13:54:10.500,3870.0,3542.0
2017-10-12 13:54:11.500,3870.0,3542.0
2017-10-12 13:54:12.000,3870.0,3542.0
2017-10-12 13:54:13.000,3870.0,3543.0
2017-10-12 13:54:13.500,3870.0,3542.0
2017-10-12 13:54:14.000,3870.0,3542.0
2017-10-12 13:54:14.500,3870.0,3542.0
2017-10-12 13:54:15.000,3870.0,3542.0
2017-10-12 13:54:15.500,3870.0,3542.0
2017-10-12 13:54:16.000,3870.0,3541.0
2017-10-12 13:54:16.500,3870.0,3542.0
2017-10-12 13:54:17.000,3870.0,3542.0
2017-10-12 13:54:17.500,3870.0,3542.0
2017-10-12 13:54:18.000,3870.0,3541.0
2017-10-12 13:54:18.500,3871.0,3541.0
2017-10-12 13:54:19.000,3870.0,3542.0
2017-10-12 13:54:19.500,3870.0,3542.0
2017-10-12 13:54:20.000,3870.0,3542.0
2017-10-12 13:54:20.500,3871.0,3541.0
2017-10-12 13:54:21.500,3870.0,3542.0
2017-10-12 13:54:22.000,3869.0,3540.0
2017-10-12 13:54:23.000,3870.0,3541.0
2017-10-12 13:54:23.500,3870.0,3540.0
2017-10-12 13:54:24.500,3868.0,3541.0
2017-10-12 13:54:25.000,3868.0,3539.0
2017-10-12 13:54:25.500,3868.0,3539.0
2017-10-12 13:54:26.000,3868.0,3539.0
2017-10-12 13:54:26.500,3868.0,3540.0
2017-10-12 13:54:27.500,3868.0,3540.0
2017-10-12 13:54:28.000,3868.0,3539.0
2017-10-12 13:54:29.000,3868.0,3540.0
2017-10-12 13:54:29.500,3869.0,3539.0
2017-10-12 13:54:30.500,3868.0,3540.0
2017-10-12 13:54:31.000,3869.0,3539.0
2017-10-12 13:54:31.500,3868.0,3538.0
2017-10-12 13:54:32.000,3868.0,3539.0
2017-10-12 13:54:32.500,3868.0,3539.0
2017-10-12 13:54:33.000,3868.0,3539.0
2017-10-12 13:54:33.500,3868.0,3539.0
2017-10-12 13:54:34.000,3868.0,3539.0
2017-10-12 13:54:34.500,3869.0,3539.0
2017-10-12 13:54:35.000,3868.0,3539.0
2017-10-12 13:54:35.500,3868.0,3539.0
2017-10-12 13:54:36.500,3867.0,3539.0
2017-10-12 13:54:37.500,3866.0,3537.0
2017-10-12 13:54:38.000,3867.0,3538.0
2017-10-12 13:54:39.000,3867.0,3537.0
2017-10-12 13:54:39.500,3867.0,3538.0
2017-10-12 13:54:40.500,3867.0,3538.0
2017-10-12 13:54:41.500,3866.0,3538.0
2017-10-12 13:54:42.500,3867.0,3538.0
2017-10-12 13:54:43.500,3866.0,3538.0
2017-10-12 13:54:44.000,3867.0,3538.0
2017-10-12 13:54:44.500,3867.0,3538.0
2017-10-12 13:54:45.000,3866.0,3537.0
2017-10-12 13:54:45.500,3867.0,3537.0
2017-10-12 13:54:46.000,3867.0,3537.0
2017-10-12 13:54:46.500,3867.0,3538.0
2017-10-12 13:54:47.000,3867.0,3537.0
2017-10-12 13:54:47.500,3866.0,3538.0
2017-10-12 13:54:48.500,3866.0,3539.0
2017-10-12 13:54:49.000,3866.0,3538.0
2017-10-12 13:54:50.000,3866.0,3538.0
2017-10-12 13:54:50.500,3867.0,3538.0
2017-10-12 13:54:51.000,3867.0,3538.0
2017-10-12 13:54:51.500,3866.0,3538.0
2017-10-12 13:54:52.000,3866.0,3538.0
2017-10-12 13:54:52.500,3866.0,3538.0
2017-10-12 13:54:53.000,3866.0,3538.0
2017-10-12 13:54:54.500,3866.0,3537.0
2017-10-12 13:54:55.000,3867.0,3538.0
2017-10-12 13:54:55.500,3866.0,3537.0
2017-10-12 13:54:56.000,3866.0,3537.0
2017-10-12 13:54:56.500,3867.0,3539.0
2017-10-12 13:54:57.500,3866.0,3538.0
2017-10-12 13:54:58.000,3866.0,3538.0
2017-10-12 13:54:58.500,3866.0,3538.0
2017-10-12 13:54:59.000,3866.0,3538.0
2017-10-12 13:55:00.000,3867.0,3538.0
2017-10-12 13:55:01.000,3866.0,3538.0
2017-10-12 13:55:01.500,3865.0,3538.0
2017-10-12 13:55:02.000,3865.0,3538.0
2017-10-12 13:55:02.500,3865.0,3537.0
2017-10-12 13:55:03.000,3865.0,3538.0
2017-10-12 13:55:04.000,3865.0,3538.0
2017-10-12 13:55:04.500,3865.0,3538.0
2017-10-12 13:55:05.000,3866.0,3538.0
2017-10-12 13:55:05.500,3866.0,3538.0
2017-10-12 13:55:06.500,3866.0,3538.0
2017-10-12 13:55:07.000,3866.0,3539.0
2017-10-12 13:55:07.500,3866.0,3538.0
2017-10-12 13:55:08.000,3866.0,3538.0
2017-10-12 13:55:08.500,3867.0,3538.0
2017-10-12 13:55:09.000,3867.0,3539.0
2017-10-12 13:55:09.500,3867.0,3539.0
2017-10-12 13:55:10.500,3868.0,3539.0
2017-10-12 13:55:11.000,3870.0,3541.0
2017-10-12 13:55:11.500,3870.0,3540.0
2017-10-12 13:55:12.000,3870.0,3540.0
2017-10-12 13:55:12.500,3870.0,3541.0
2017-10-12 13:55:13.000,3869.0,3540.0
2017-10-12 13:55:13.500,3869.0,3541.0
2017-10-12 13:55:14.000,3869.0,3540.0
2017-10-12 13:55:14.500,3869.0,3541.0
2017-10-12 13:55:15.000,3869.0,3541.0
2017-10-12 13:55:15.500,3869.0,3540.0
2017-10-12 13:55:16.000,3869.0,3540.0
2017-10-12 13:55:16.500,3869.0,3541.0
2017-10-12 13:55:17.000,3869.0,3541.0
2017-10-12 13:55:17.500,3869.0,3541.0
2017-10-12 13:55:18.000,3869.0,3541.0
2017-10-12 13:55:18.500,3868.0,3540.0
2017-10-12 13:55:19.000,3869.0,3540.0
2017-10-12 13:55:20.000,3869.0,3541.0
2017-10-12 13:55:20.500,3869.0,3541.0
2017-10-12 13:55:21.000,3869.0,3541.0
2017-10-12 13:55:21.500,3869.0,3541.0
2017-10-12 13:55:22.500,3869.0,3541.0
2017-10-12 13:55:23.000,3870.0,3542.0
2017-10-12 13:55:23.500,3869.0,3542.0
2017-10-12 13:55:24.000,3870.0,3543.0
2017-10-12 13:55:24.500,3870.0,3542.0
2017-10-12 13:55:25.500,3870.0,3542.0
2017-10-12 13:55:26.000,3870.0,3542.0
2017-10-12 13:55:27.000,3870.0,3543.0
2017-10-12 13:55:27.500,3870.0,3543.0
2017-10-12 13:55:28.500,3870.0,3543.0
2017-10-12 13:55:29.000,3870.0,3543.0
2017-10-12 13:55:29.500,3870.0,3543.0
2017-10-12 13:55:30.000,3870.0,3544.0
2017-10-12 13:55:30.500,3870.0,3544.0
2017-10-12 13:55:31.000,3871.0,3544.0
2017-10-12 13:55:31.500,3871.0,3544.0
2017-10-12 13:55:32.000,3871.0,3545.0
2017-10-12 13:55:32.500,3871.0,3544.0
2017-10-12 13:55:33.000,3871.0,3544.0
2017-10-12 13:55:33.500,3871.0,3545.0
2017-10-12 13:55:34.000,3872.0,3545.0
2017-10-12 13:55:34.500,3872.0,3544.0
2017-10-12 13:55:35.500,3872.0,3544.0
2017-10-12 13:55:36.000,3872.0,3545.0
2017-10-12 13:55:36.500,3872.0,3544.0
2017-10-12 13:55:37.000,3872.0,3545.0
2017-10-12 13:55:38.000,3872.0,3545.0
2017-10-12 13:55:38.500,3872.0,3544.0
2017-10-12 13:55:39.000,3873.0,3544.0
2017-10-12 13:55:39.500,3873.0,3544.0
2017-10-12 13:55:40.000,3872.0,3544.0
2017-10-12 13:55:41.000,3873.0,3544.0
2017-10-12 13:55:42.000,3873.0,3544.0
2017-10-12 13:55:43.500,3873.0,3544.0
2017-10-12 13:55:44.000,3873.0,3543.0
2017-10-12 13:55:44.500,3873.0,3543.0
2017-10-12 13:55:45.000,3871.0,3543.0
2017-10-12 13:55:45.500,3870.0,3543.0
2017-10-12 13:55:46.500,3873.0,3542.0
2017-10-12 13:55:47.500,3872.0,3542.0
2017-10-12 13:55:48.000,3872.0,3542.0
2017-10-12 13:55:49.000,3872.0,3542.0
2017-10-12 13:55:49.500,3873.0,3541.0
2017-10-12 13:55:50.000,3873.0,3541.0
2017-10-12 13:55:50.500,3871.0,3543.0
2017-10-12 13:55:51.000,3871.0,3542.0
2017-10-12 13:55:51.500,3871.0,3542.0
2017-10-12 13:55:52.000,3871.0,3542.0
2017-10-12 13:55:53.000,3872.0,3543.0
2017-10-12 13:55:54.000,3872.0,3542.0
2017-10-12 13:55:55.000,3872.0,3542.0
2017-10-12 13:55:55.500,3872.0,3541.0
2017-10-12 13:55:56.000,3872.0,3542.0
2017-10-12 13:55:56.500,3871.0,3542.0
2017-10-12 13:55:57.000,3871.0,3542.0
2017-10-12 13:55:57.500,3870.0,3541.0
2017-10-12 13:55:58.000,3870.0,3541.0
2017-10-12 13:55:58.500,3870.0,3541.0
2017-10-12 13:55:59.000,3870.0,3540.0
2017-10-12 13:55:59.500,3869.0,3541.0
2017-10-12 13:56:00.000,3870.0,3541.0
2017-10-12 13:56:00.500,3870.0,3541.0
2017-10-12 13:56:01.000,3869.0,3540.0
2017-10-12 13:56:01.500,3870.0,3541.0
2017-10-12 13:56:02.000,3870.0,3541.0
2017-10-12 13:56:02.500,3870.0,3540.0
2017-10-12 13:56:03.000,3869.0,3542.0
2017-10-12 13:56:03.500,3869.0,3541.0
2017-10-12 13:56:04.000,3869.0,3541.0
2017-10-12 13:56:04.500,3869.0,3541.0
2017-10-12 13:56:05.500,3870.0,3541.0
2017-10-12 13:56:06.000,3870.0,3541.0
2017-10-12 13:56:06.500,3869.0,3541.0
2017-10-12 13:56:07.000,3870.0,3542.0
2017-10-12 13:56:07.500,3870.0,3542.0
2017-10-12 13:56:08.000,3870.0,3542.0
2017-10-12 13:56:08.500,3870.0,3542.0
2017-10-12 13:56:09.000,3870.0,3542.0
2017-10-12 13:56:10.000,3870.0,3541.0
2017-10-12 13:56:11.000,3870.0,3543.0
2017-10-12 13:56:11.500,3871.0,3543.0
2017-10-12 13:56:12.500,3871.0,3543.0
2017-10-12 13:56:13.000,3871.0,3543.0
2017-10-12 13:56:13.500,3871.0,3543.0
2017-10-12 13:56:14.000,3871.0,3544.0
2017-10-12 13:56:14.500,3871.0,3543.0
2017-10-12 13:56:15.000,3870.0,3544.0
2017-10-12 13:56:16.000,3870.0,3543.0
2017-10-12 13:56:16.500,3870.0,3543.0
2017-10-12 13:56:17.500,3871.0,3542.0
2017-10-12 13:56:18.500,3870.0,3542.0
2017-10-12 13:56:19.000,3870.0,3543.0
2017-10-12 13:56:19.500,3871.0,3545.0
2017-10-12 13:56:20.500,3871.0,3544.0
2017-10-12 13:56:21.000,3871.0,3545.0
2017-10-12 13:56:21.500,3871.0,3545.0
2017-10-12 13:56:22.500,3871.0,3544.0
2017-10-12 13:56:23.000,3871.0,3544.0
2017-10-12 13:56:23.500,3871.0,3545.0
2017-10-12 13:56:24.500,3871.0,3545.0
2017-10-12 13:56:25.000,3871.0,3546.0
2017-10-12 13:56:25.500,3871.0,3546.0
2017-10-12 13:56:26.500,3872.0,3546.0
2017-10-12 13:56:27.500,3872.0,3546.0
2017-10-12 13:56:28.000,3872.0,3546.0
2017-10-12 13:56:29.000,3873.0,3546.0
2017-10-12 13:56:29.500,3871.0,3546.0
2017-10-12 13:56:30.000,3872.0,3546.0
2017-10-12 13:56:31.000,3872.0,3545.0
2017-10-12 13:56:31.500,3872.0,3546.0
2017-10-12 13:56:32.000,3872.0,3545.0
2017-10-12 13:56:32.500,3872.0,3546.0
2017-10-12 13:56:33.000,3872.0,3546.0
2017-10-12 13:56:34.000,3871.0,3545.0
2017-10-12 13:56:34.500,3871.0,3546.0
2017-10-12 13:56:35.000,3871.0,3546.0
2017-10-12 13:56:35.500,3871.0,3546.0
2017-10-12 13:56:36.000,3871.0,3546.0
2017-10-12 13:56:36.500,3870.0,3545.0
2017-10-12 13:56:37.000,3871.0,3545.0
2017-10-12 13:56:37.500,3871.0,3545.0
2017-10-12 13:56:38.000,3872.0,3545.0
2017-10-12 13:56:38.500,3872.0,3546.0
2017-10-12 13:56:39.000,3872.0,3546.0
2017-10-12 13:56:39.500,3872.0,3545.0
2017-10-12 13:56:40.000,3872.0,3545.0
2017-10-12 13:56:40.500,3871.0,3544.0
2017-10-12 13:56:42.000,3871.0,3546.0
2017-10-12 13:56:42.500,3871.0,3545.0
2017-10-12 13:56:43.000,3871.0,3545.0
2017-10-12 13:56:43.500,3871.0,3545.0
2017-10-12 13:56:44.500,3872.0,3546.0
2017-10-12 13:56:45.000,3872.0,3546.0
2017-10-12 13:56:45.500,3872.0,3545.0
2017-10-12 13:56:46.000,3872.0,3545.0
2017-10-12 13:56:47.000,3872.0,3545.0
2017-10-12 13:56:48.000,3872.0,3545.0
2017-10-12 13:56:49.000,3872.0,3545.0
2017-10-12 13:56:49.500,3872.0,3546.0
2017-10-12 13:56:50.000,3872.0,3545.0
2017-10-12 13:56:51.500,3871.0,3546.0
2017-10-12 13:56:52.500,3873.0,3546.0
2017-10-12 13:56:53.000,3872.0,3545.0
2017-10-12 13:56:53.500,3873.0,3545.0
2017-10-12 13:56:54.000,3873.0,3545.0
2017-10-12 13:56:54.500,3873.0,3546.0
2017-10-12 13:56:55.000,3873.0,3545.0
2017-10-12 13:56:55.500,3872.0,3546.0
2017-10-12 13:56:56.000,3873.0,3546.0
2017-10-12 13:56:56.500,3874.0,3546.0
2017-10-12 13:56:57.000,3873.0,3546.0
2017-10-12 13:56:57.500,3873.0,3545.0
2017-10-12 13:56:58.000,3874.0,3545.0
2017-10-12 13:56:58.500,3874.0,3546.0
2017-10-12 13:56:59.000,3874.0,3546.0
2017-10-12 13:56:59.500,3874.0,3546.0
2017-10-12 13:57:00.500,3874.0,3547.0
2017-10-12 13:57:01.000,3874.0,3546.0
2017-10-12 13:57:01.500,3875.0,3547.0
2017-10-12 13:57:02.000,3876.0,3546.0
2017-10-12 13:57:02.500,3875.0,3547.0
2017-10-12 13:57:03.000,3876.0,3547.0
2017-10-12 13:57:03.500,3876.0,3547.0
2017-10-12 13:57:04.000,3876.0,3547.0
2017-10-12 13:57:04.500,3876.0,3546.0
2017-10-12 13:57:05.000,3876.0,3546.0
2017-10-12 13:57:05.500,3876.0,3547.0
2017-10-12 13:57:06.000,3876.0,3546.0
2017-10-12 13:57:06.500,3877.0,3547.0
2017-10-12 13:57:07.500,3876.0,3546.0
2017-10-12 13:57:08.000,3877.0,3546.0
2017-10-12 13:57:08.500,3877.0,3547.0
2017-10-12 13:57:09.000,3877.0,3547.0
2017-10-12 13:57:09.500,3876.0,3547.0
2017-10-12 13:57:10.000,3876.0,3546.0
2017-10-12 13:57:10.500,3876.0,3547.0
2017-10-12 13:57:11.000,3877.0,3547.0
2017-10-12 13:57:12.000,3876.0,3546.0
2017-10-12 13:57:12.500,3877.0,3547.0
2017-10-12 13:57:13.000,3877.0,3546.0
2017-10-12 13:57:13.500,3876.0,3547.0
2017-10-12 13:57:14.000,3876.0,3547.0
2017-10-12 13:57:15.000,3877.0,3547.0
2017-10-12 13:57:16.000,3878.0,3547.0
2017-10-12 13:57:16.500,3878.0,3547.0
2017-10-12 13:57:17.000,3877.0,3547.0
2017-10-12 13:57:17.500,3877.0,3547.0
2017-10-12 13:57:18.500,3878.0,3547.0
2017-10-12 13:57:19.000,3878.0,3547.0
2017-10-12 13:57:19.500,3877.0,3548.0
2017-10-12 13:57:20.000,3878.0,3547.0
2017-10-12 13:57:20.500,3877.0,3547.0
2017-10-12 13:57:22.000,3878.0,3547.0
2017-10-12 13:57:23.000,3877.0,3547.0
2017-10-12 13:57:23.500,3877.0,3547.0
2017-10-12 13:57:24.500,3876.0,3547.0
2017-10-12 13:57:25.500,3878.0,3548.0
2017-10-12 13:57:26.000,3878.0,3547.0
2017-10-12 13:57:27.500,3879.0,3548.0
2017-10-12 13:57:28.000,3878.0,3548.0
2017-10-12 13:57:28.500,3878.0,3548.0
2017-10-12 13:57:29.500,3878.0,3546.0
2017-10-12 13:57:30.000,3879.0,3548.0
2017-10-12 13:57:31.000,3879.0,3547.0
2017-10-12 13:57:31.500,3879.0,3548.0
2017-10-12 13:57:32.000,3879.0,3548.0
2017-10-12 13:57:32.500,3879.0,3548.0
2017-10-12 13:57:33.000,3879.0,3548.0
2017-10-12 13:57:33.500,3879.0,3548.0
2017-10-12 13:57:34.000,3878.0,3547.0
2017-10-12 13:57:34.500,3878.0,3547.0
2017-10-12 13:57:35.500,3878.0,3547.0
2017-10-12 13:57:36.500,3879.0,3547.0
2017-10-12 13:57:37.500,3879.0,3547.0
2017-10-12 13:57:38.000,3878.0,3547.0
2017-10-12 13:57:38.500,3878.0,3547.0
2017-10-12 13:57:39.000,3878.0,3547.0
2017-10-12 13:57:39.500,3879.0,3547.0
2017-10-12 13:57:40.000,3879.0,3547.0
2017-10-12 13:57:40.500,3878.0,3547.0
2017-10-12 13:57:41.000,3877.0,3547.0
2017-10-12 13:57:41.500,3877.0,3546.0
2017-10-12 13:57:42.000,3879.0,3546.0
2017-10-12 13:57:42.500,3877.0,3547.0
2017-10-12 13:57:44.000,3879.0,3546.0
2017-10-12 13:57:45.000,3878.0,3546.0
2017-10-12 13:57:46.000,3878.0,3547.0
2017-10-12 13:57:46.500,3878.0,3547.0
2017-10-12 13:57:47.000,3878.0,3546.0
2017-10-12 13:57:48.000,3878.0,3547.0
2017-10-12 13:57:49.000,3878.0,3547.0
2017-10-12 13:57:49.500,3879.0,3547.0
2017-10-12 13:57:50.000,3879.0,3547.0
2017-10-12 13:57:50.500,3877.0,3546.0
2017-10-12 13:57:51.500,3878.0,3546.0
2017-10-12 13:57:52.000,3879.0,3546.0
2017-10-12 13:57:52.500,3878.0,3547.0
2017-10-12 13:57:53.000,3878.0,3546.0
2017-10-12 13:57:53.500,3877.0,3546.0
2017-10-12 13:57:54.000,3877.0,3546.0
2017-10-12 13:57:54.500,3877.0,3546.0
2017-10-12 13:57:55.000,3877.0,3546.0
2017-10-12 13:57:55.500,3877.0,3546.0
2017-10-12 13:57:56.000,3878.0,3545.0
2017-10-12 13:57:56.500,3877.0,3546.0
2017-10-12 13:57:57.000,3878.0,3546.0
2017-10-12 13:57:57.500,3878.0,3546.0
2017-10-12 13:57:58.000,3878.0,3546.0
2017-10-12 13:57:59.000,3878.0,3546.0
2017-10-12 13:57:59.500,3879.0,3547.0
2017-10-12 13:58:01.000,3878.0,3547.0
2017-10-12 13:58:01.500,3878.0,3547.0
2017-10-12 13:58:02.000,3878.0,3547.0
2017-10-12 13:58:02.500,3878.0,3547.0
2017-10-12 13:58:03.000,3878.0,3547.0
2017-10-12 13:58:03.500,3878.0,3547.0
2017-10-12 13:58:04.000,3878.0,3547.0
2017-10-12 13:58:04.500,3877.0,3547.0
2017-10-12 13:58:05.000,3877.0,3547.0
2017-10-12 13:58:05.500,3878.0,3546.0
2017-10-12 13:58:06.000,3878.0,3547.0
2017-10-12 13:58:06.500,3878.0,3547.0
2017-10-12 13:58:07.000,3878.0,3547.0
2017-10-12 13:58:07.500,3878.0,3547.0
2017-10-12 13:58:08.500,3878.0,3547.0
2017-10-12 13:58:09.000,3878.0,3546.0
2017-10-12 13:58:10.000,3878.0,3547.0
2017-10-12 13:58:10.500,3878.0,3547.0
2017-10-12 13:58:11.000,3877.0,3546.0
2017-10-12 13:58:11.500,3878.0,3546.0
2017-10-12 13:58:12.000,3877.0,3547.0
2017-10-12 13:58:12.500,3878.0,3547.0
2017-10-12 13:58:13.500,3878.0,3545.0
2017-10-12 13:58:14.000,3877.0,3544.0
2017-10-12 13:58:14.500,3876.0,3544.0
2017-10-12 13:58:15.000,3876.0,3543.0
2017-10-12 13:58:15.500,3874.0,3543.0
2017-10-12 13:58:16.500,3872.0,3541.0
2017-10-12 13:58:17.500,3874.0,3542.0
2017-10-12 13:58:18.000,3874.0,3543.0
2017-10-12 13:58:18.500,3874.0,3543.0
2017-10-12 13:58:19.000,3875.0,3543.0
2017-10-12 13:58:19.500,3875.0,3543.0
2017-10-12 13:58:20.000,3875.0,3543.0
2017-10-12 13:58:21.000,3876.0,3544.0
2017-10-12 13:58:22.000,3876.0,3545.0
2017-10-12 13:58:22.500,3876.0,3543.0
2017-10-12 13:58:23.500,3876.0,3544.0
2017-10-12 13:58:24.000,3875.0,3544.0
2017-10-12 13:58:25.000,3876.0,3544.0
2017-10-12 13:58:25.500,3875.0,3544.0
2017-10-12 13:58:26.000,3875.0,3544.0
2017-10-12 13:58:26.500,3875.0,3543.0
2017-10-12 13:58:27.000,3876.0,3543.0
2017-10-12 13:58:28.000,3875.0,3543.0
2017-10-12 13:58:28.500,3875.0,3544.0
2017-10-12 13:58:29.000,3875.0,3543.0
2017-10-12 13:58:29.500,3876.0,3543.0
2017-10-12 13:58:30.000,3876.0,3543.0
2017-10-12 13:58:30.500,3874.0,3543.0
2017-10-12 13:58:31.000,3874.0,3542.0
2017-10-12 13:58:31.500,3874.0,3542.0
2017-10-12 13:58:32.000,3874.0,3542.0
2017-10-12 13:58:32.500,3875.0,3543.0
2017-10-12 13:58:33.000,3875.0,3542.0
2017-10-12 13:58:34.000,3875.0,3543.0
2017-10-12 13:58:35.000,3875.0,3543.0
2017-10-12 13:58:36.000,3875.0,3543.0
2017-10-12 13:58:36.500,3875.0,3543.0
2017-10-12 13:58:37.000,3874.0,3543.0
2017-10-12 13:58:37.500,3875.0,3543.0
2017-10-12 13:58:38.000,3875.0,3543.0
2017-10-12 13:58:39.000,3875.0,3543.0
2017-10-12 13:58:39.500,3875.0,3544.0
2017-10-12 13:58:40.000,3875.0,3544.0
2017-10-12 13:58:40.500,3875.0,3544.0
2017-10-12 13:58:41.500,3875.0,3544.0
2017-10-12 13:58:42.500,3875.0,3543.0
2017-10-12 13:58:43.000,3875.0,3543.0
2017-10-12 13:58:43.500,3873.0,3543.0
2017-10-12 13:58:44.000,3875.0,3544.0
2017-10-12 13:58:45.000,3876.0,3544.0
2017-10-12 13:58:45.500,3876.0,3544.0
2017-10-12 13:58:46.000,3874.0,3543.0
2017-10-12 13:58:47.000,3874.0,3544.0
2017-10-12 13:58:48.000,3874.0,3544.0
2017-10-12 13:58:48.500,3875.0,3544.0
2017-10-12 13:58:49.000,3874.0,3544.0
2017-10-12 13:58:50.000,3875.0,3544.0
2017-10-12 13:58:50.500,3875.0,3543.0
2017-10-12 13:58:51.000,3874.0,3543.0
2017-10-12 13:58:52.000,3874.0,3544.0
2017-10-12 13:58:53.000,3874.0,3544.0
2017-10-12 13:58:53.500,3874.0,3544.0
2017-10-12 13:58:54.000,3874.0,3544.0
2017-10-12 13:58:54.500,3875.0,3544.0
2017-10-12 13:58:55.000,3875.0,3544.0
2017-10-12 13:58:55.500,3875.0,3544.0
2017-10-12 13:58:56.000,3874.0,3544.0
2017-10-12 13:58:56.500,3874.0,3545.0
2017-10-12 13:58:57.500,3874.0,3544.0
2017-10-12 13:58:58.000,3874.0,3544.0
2017-10-12 13:58:59.000,3874.0,3544.0
2017-10-12 13:59:00.000,3875.0,3545.0
2017-10-12 13:59:01.000,3874.0,3544.0
2017-10-12 13:59:02.000,3874.0,3545.0
2017-10-12 13:59:03.000,3874.0,3544.0
2017-10-12 13:59:04.000,3874.0,3544.0
2017-10-12 13:59:05.000,3875.0,3544.0
2017-10-12 13:59:06.000,3874.0,3545.0
2017-10-12 13:59:06.500,3874.0,3544.0
2017-10-12 13:59:07.000,3874.0,3545.0
2017-10-12 13:59:07.500,3874.0,3545.0
2017-10-12 13:59:08.000,3874.0,3545.0
2017-10-12 13:59:08.500,3875.0,3545.0
2017-10-12 13:59:09.500,3874.0,3545.0
2017-10-12 13:59:10.000,3874.0,3545.0
2017-10-12 13:59:10.500,3874.0,3545.0
2017-10-12 13:59:11.000,3874.0,3545.0
2017-10-12 13:59:11.500,3874.0,3545.0
2017-10-12 13:59:12.500,3874.0,3545.0
2017-10-12 13:59:13.000,3874.0,3545.0
2017-10-12 13:59:13.500,3874.0,3545.0
2017-10-12 13:59:14.000,3874.0,3545.0
2017-10-12 13:59:14.500,3874.0,3545.0
2017-10-12 13:59:15.000,3875.0,3544.0
2017-10-12 13:59:15.500,3875.0,3545.0
2017-10-12 13:59:16.500,3875.0,3545.0
2017-10-12 13:59:17.000,3875.0,3545.0
2017-10-12 13:59:17.500,3875.0,3545.0
2017-10-12 13:59:18.000,3875.0,3545.0
2017-10-12 13:59:18.500,3875.0,3545.0
2017-10-12 13:59:19.000,3875.0,3545.0
2017-10-12 13:59:19.500,3875.0,3545.0
2017-10-12 13:59:20.000,3875.0,3545.0
2017-10-12 13:59:20.500,3875.0,3545.0
2017-10-12 13:59:21.000,3875.0,3545.0
2017-10-12 13:59:21.500,3875.0,3545.0
2017-10-12 13:59:22.500,3876.0,3545.0
2017-10-12 13:59:24.000,3877.0,3545.0
2017-10-12 13:59:24.500,3876.0,3545.0
2017-10-12 13:59:25.500,3876.0,3546.0
2017-10-12 13:59:26.000,3876.0,3546.0
2017-10-12 13:59:26.500,3877.0,3546.0
2017-10-12 13:59:27.000,3877.0,3546.0
2017-10-12 13:59:27.500,3877.0,3547.0
2017-10-12 13:59:28.000,3878.0,3547.0
2017-10-12 13:59:28.500,3877.0,3547.0
2017-10-12 13:59:29.000,3877.0,3546.0
2017-10-12 13:59:29.500,3877.0,3546.0
2017-10-12 13:59:30.000,3878.0,3546.0
2017-10-12 13:59:31.000,3878.0,3546.0
2017-10-12 13:59:31.500,3877.0,3547.0
2017-10-12 13:59:32.000,3877.0,3546.0
2017-10-12 13:59:33.000,3877.0,3547.0
2017-10-12 13:59:34.000,3877.0,3547.0
2017-10-12 13:59:34.500,3877.0,3547.0
2017-10-12 13:59:35.000,3878.0,3546.0
2017-10-12 13:59:35.500,3878.0,3545.0
2017-10-12 13:59:36.000,3877.0,3546.0
2017-10-12 13:59:37.000,3876.0,3546.0
2017-10-12 13:59:37.500,3876.0,3545.0
2017-10-12 13:59:39.000,3877.0,3546.0
2017-10-12 13:59:40.000,3877.0,3546.0
2017-10-12 13:59:40.500,3877.0,3546.0
2017-10-12 13:59:41.000,3877.0,3546.0
2017-10-12 13:59:42.500,3878.0,3545.0
2017-10-12 13:59:43.500,3878.0,3546.0
2017-10-12 13:59:44.000,3878.0,3546.0
2017-10-12 13:59:44.500,3878.0,3546.0
2017-10-12 13:59:45.000,3878.0,3546.0
2017-10-12 13:59:45.500,3878.0,3546.0
2017-10-12 13:59:46.000,3878.0,3546.0
2017-10-12 13:59:46.500,3878.0,3546.0
2017-10-12 13:59:47.500,3878.0,3545.0
2017-10-12 13:59:48.000,3878.0,3546.0
2017-10-12 13:59:49.000,3878.0,3546.0
2017-10-12 13:59:50.000,3878.0,3545.0
2017-10-12 13:59:51.000,3878.0,3545.0
2017-10-12 13:59:51.500,3878.0,3545.0
2017-10-12 13:59:52.000,3878.0,3545.0
2017-10-12 13:59:53.000,3878.0,3545.0
2017-10-12 13:59:54.000,3878.0,3546.0
2017-10-12 13:59:54.500,3877.0,3545.0
2017-10-12 13:59:55.500,3878.0,3545.0
2017-10-12 13:59:56.000,3878.0,3545.0
2017-10-12 13:59:56.500,3878.0,3546.0
2017-10-12 13:59:57.000,3878.0,3546.0
2017-10-12 13:59:57.500,3877.0,3545.0
2017-10-12 13:59:58.000,3877.0,3545.0
2017-10-12 13:59:58.500,3877.0,3546.0
2017-10-12 13:59:59.000,3878.0,3546.0
2017-10-12 14:00:00.000,3877.0,3546.0
2017-10-12 14:00:00.500,3876.0,3545.0
2017-10-12 14:00:02.000,3877.0,3544.0
2017-10-12 14:00:02.500,3874.0,3544.0
2017-10-12 14:00:03.000,3875.0,3546.0
2017-10-12 14:00:03.500,3875.0,3546.0
2017-10-12 14:00:04.500,3876.0,3545.0
2017-10-12 14:00:05.000,3877.0,3546.0
2017-10-12 14:00:06.000,3877.0,3546.0
2017-10-12 14:00:06.500,3876.0,3546.0
2017-10-12 14:00:07.000,3875.0,3545.0
2017-10-12 14:00:07.500,3875.0,3545.0
2017-10-12 14:00:08.500,3876.0,3545.0
2017-10-12 14:00:09.000,3876.0,3545.0
2017-10-12 14:00:09.500,3876.0,3545.0
2017-10-12 14:00:10.000,3876.0,3544.0
2017-10-12 14:00:11.000,3876.0,3544.0
2017-10-12 14:00:11.500,3875.0,3544.0
2017-10-12 14:00:12.000,3875.0,3544.0
2017-10-12 14:00:12.500,3875.0,3545.0
2017-10-12 14:00:13.000,3876.0,3545.0
2017-10-12 14:00:13.500,3876.0,3544.0
2017-10-12 14:00:14.000,3876.0,3544.0
2017-10-12 14:00:14.500,3876.0,3544.0
2017-10-12 14:00:15.500,3876.0,3545.0
2017-10-12 14:00:16.000,3876.0,3544.0
2017-10-12 14:00:17.000,3876.0,3545.0
2017-10-12 14:00:17.500,3876.0,3545.0
2017-10-12 14:00:18.000,3876.0,3545.0
2017-10-12 14:00:18.500,3876.0,3544.0
2017-10-12 14:00:19.500,3876.0,3544.0
2017-10-12 14:00:20.000,3876.0,3545.0
2017-10-12 14:00:21.000,3876.0,3544.0
2017-10-12 14:00:21.500,3876.0,3544.0
2017-10-12 14:00:22.500,3876.0,3544.0
2017-10-12 14:00:23.000,3876.0,3544.0
2017-10-12 14:00:23.500,3876.0,3544.0
2017-10-12 14:00:24.500,3876.0,3544.0
2017-10-12 14:00:25.500,3876.0,3544.0
2017-10-12 14:00:26.000,3876.0,3544.0
2017-10-12 14:00:26.500,3876.0,3545.0
2017-10-12 14:00:27.000,3876.0,3545.0
2017-10-12 14:00:28.500,3876.0,3544.0
2017-10-12 14:00:29.500,3876.0,3544.0
2017-10-12 14:00:30.000,3876.0,3545.0
2017-10-12 14:00:30.500,3876.0,3544.0
2017-10-12 14:00:31.000,3875.0,3543.0
2017-10-12 14:00:32.000,3875.0,3543.0
2017-10-12 14:00:32.500,3875.0,3543.0
2017-10-12 14:00:33.000,3875.0,3543.0
2017-10-12 14:00:33.500,3875.0,3543.0
2017-10-12 14:00:34.000,3875.0,3543.0
2017-10-12 14:00:34.500,3875.0,3543.0
2017-10-12 14:00:35.000,3875.0,3543.0
2017-10-12 14:00:35.500,3875.0,3543.0
2017-10-12 14:00:36.000,3875.0,3543.0
2017-10-12 14:00:36.500,3875.0,3543.0
2017-10-12 14:00:37.500,3875.0,3544.0
2017-10-12 14:00:38.000,3876.0,3544.0
2017-10-12 14:00:38.500,3876.0,3544.0
2017-10-12 14:00:39.000,3876.0,3544.0
2017-10-12 14:00:40.000,3876.0,3544.0
2017-10-12 14:00:40.500,3876.0,3543.0
2017-10-12 14:00:41.000,3876.0,3543.0
2017-10-12 14:00:41.500,3876.0,3544.0
2017-10-12 14:00:42.000,3876.0,3544.0
2017-10-12 14:00:42.500,3877.0,3544.0
2017-10-12 14:00:43.000,3876.0,3544.0
2017-10-12 14:00:43.500,3876.0,3543.0
2017-10-12 14:00:44.000,3876.0,3543.0
2017-10-12 14:00:44.500,3876.0,3543.0
2017-10-12 14:00:45.000,3876.0,3543.0
2017-10-12 14:00:46.000,3876.0,3543.0
2017-10-12 14:00:46.500,3876.0,3542.0
2017-10-12 14:00:47.000,3875.0,3542.0
2017-10-12 14:00:47.500,3875.0,3543.0
2017-10-12 14:00:48.500,3875.0,3542.0
2017-10-12 14:00:49.000,3875.0,3542.0
2017-10-12 14:00:49.500,3876.0,3543.0
2017-10-12 14:00:50.000,3875.0,3543.0
2017-10-12 14:00:50.500,3875.0,3542.0
2017-10-12 14:00:51.000,3876.0,3542.0
2017-10-12 14:00:51.500,3875.0,3542.0
2017-10-12 14:00:52.000,3876.0,3542.0
2017-10-12 14:00:52.500,3875.0,3542.0
2017-10-12 14:00:53.000,3875.0,3542.0
2017-10-12 14:00:53.500,3875.0,3542.0
2017-10-12 14:00:54.000,3875.0,3542.0
2017-10-12 14:00:54.500,3875.0,3542.0
2017-10-12 14:00:55.500,3875.0,3542.0
2017-10-12 14:00:56.500,3875.0,3543.0
2017-10-12 14:00:57.000,3875.0,3543.0
2017-10-12 14:00:57.500,3875.0,3542.0
2017-10-12 14:00:58.000,3875.0,3542.0
2017-10-12 14:00:59.500,3875.0,3543.0
2017-10-12 14:01:00.000,3874.0,3543.0
2017-10-12 14:01:00.500,3874.0,3542.0
2017-10-12 14:01:01.000,3874.0,3543.0
2017-10-12 14:01:01.500,3874.0,3543.0
2017-10-12 14:01:02.500,3875.0,3543.0
2017-10-12 14:01:03.000,3875.0,3543.0
2017-10-12 14:01:03.500,3875.0,3543.0
2017-10-12 14:01:04.500,3875.0,3542.0
2017-10-12 14:01:05.000,3875.0,3542.0
2017-10-12 14:01:05.500,3874.0,3543.0
2017-10-12 14:01:06.000,3874.0,3542.0
2017-10-12 14:01:07.000,3874.0,3543.0
2017-10-12 14:01:07.500,3874.0,3543.0
2017-10-12 14:01:08.500,3874.0,3543.0
2017-10-12 14:01:09.000,3874.0,3543.0
2017-10-12 14:01:09.500,3874.0,3543.0
2017-10-12 14:01:10.000,3874.0,3543.0
2017-10-12 14:01:10.500,3874.0,3543.0
2017-10-12 14:01:11.000,3874.0,3543.0
2017-10-12 14:01:11.500,3874.0,3543.0
2017-10-12 14:01:12.000,3874.0,3543.0
2017-10-12 14:01:12.500,3874.0,3543.0
2017-10-12 14:01:13.000,3874.0,3543.0
2017-10-12 14:01:13.500,3875.0,3543.0
2017-10-12 14:01:14.000,3874.0,3543.0
2017-10-12 14:01:14.500,3874.0,3542.0
2017-10-12 14:01:16.000,3874.0,3543.0
2017-10-12 14:01:16.500,3874.0,3543.0
2017-10-12 14:01:17.000,3874.0,3543.0
2017-10-12 14:01:17.500,3874.0,3544.0
2017-10-12 14:01:18.000,3874.0,3543.0
2017-10-12 14:01:19.000,3875.0,3544.0
2017-10-12 14:01:19.500,3874.0,3543.0
2017-10-12 14:01:20.000,3875.0,3544.0
2017-10-12 14:01:20.500,3875.0,3543.0
2017-10-12 14:01:21.000,3875.0,3543.0
2017-10-12 14:01:21.500,3875.0,3544.0
2017-10-12 14:01:22.000,3876.0,3543.0
2017-10-12 14:01:23.000,3876.0,3543.0
2017-10-12 14:01:23.500,3876.0,3544.0
2017-10-12 14:01:24.000,3875.0,3543.0
2017-10-12 14:01:24.500,3876.0,3543.0
2017-10-12 14:01:25.000,3876.0,3543.0
2017-10-12 14:01:25.500,3876.0,3543.0
2017-10-12 14:01:26.000,3875.0,3543.0
2017-10-12 14:01:26.500,3876.0,3542.0
2017-10-12 14:01:27.000,3875.0,3544.0
2017-10-12 14:01:27.500,3875.0,3543.0
2017-10-12 14:01:28.000,3875.0,3544.0
2017-10-12 14:01:28.500,3877.0,3544.0
2017-10-12 14:01:29.000,3876.0,3543.0
2017-10-12 14:01:29.500,3877.0,3543.0
2017-10-12 14:01:30.500,3876.0,3543.0
2017-10-12 14:01:31.000,3876.0,3543.0
2017-10-12 14:01:31.500,3877.0,3543.0
2017-10-12 14:01:32.000,3876.0,3544.0
2017-10-12 14:01:34.000,3876.0,3544.0
2017-10-12 14:01:34.500,3876.0,3543.0
2017-10-12 14:01:35.500,3876.0,3544.0
2017-10-12 14:01:36.000,3876.0,3544.0
2017-10-12 14:01:36.500,3876.0,3544.0
2017-10-12 14:01:37.000,3876.0,3544.0
2017-10-12 14:01:37.500,3876.0,3545.0
2017-10-12 14:01:38.000,3876.0,3543.0
2017-10-12 14:01:38.500,3875.0,3543.0
2017-10-12 14:01:39.000,3875.0,3545.0
2017-10-12 14:01:39.500,3877.0,3545.0
2017-10-12 14:01:40.000,3877.0,3545.0
2017-10-12 14:01:40.500,3877.0,3545.0
2017-10-12 14:01:41.500,3876.0,3544.0
2017-10-12 14:01:42.000,3876.0,3545.0
2017-10-12 14:01:43.000,3876.0,3545.0
2017-10-12 14:01:44.000,3876.0,3544.0
2017-10-12 14:01:44.500,3876.0,3544.0
2017-10-12 14:01:45.000,3876.0,3545.0
2017-10-12 14:01:45.500,3876.0,3545.0
2017-10-12 14:01:46.000,3876.0,3545.0
2017-10-12 14:01:46.500,3877.0,3544.0
2017-10-12 14:01:47.000,3876.0,3544.0
2017-10-12 14:01:48.000,3876.0,3544.0
2017-10-12 14:01:48.500,3876.0,3544.0
2017-10-12 14:01:49.000,3876.0,3544.0
2017-10-12 14:01:49.500,3876.0,3545.0
